<?xml version="1.0" encoding="utf-8"?>
<nsSAFT:AuditFile xmlns:doc="urn:schemas-OECD:schema-extensions:documentation xml:lang=en" xmlns:nsSAFT="mf:nra:dgti:dxxxx:declaration:v1" xmlns:xsi="http://www.w3.org/2001/XMLSchema-instance" >
	<nsSAFT:Header>
		<nsSAFT:AuditFileVersion>007</nsSAFT:AuditFileVersion>
		<nsSAFT:AuditFileCountry>BG</nsSAFT:AuditFileCountry>
		<nsSAFT:AuditFileRegion>BG-22</nsSAFT:AuditFileRegion>
		<nsSAFT:AuditFileDateCreated>2023-08-02</nsSAFT:AuditFileDateCreated>
		<nsSAFT:SoftwareCompanyName>TestSoftCompany</nsSAFT:SoftwareCompanyName>
		<nsSAFT:SoftwareID>TestSoftware</nsSAFT:SoftwareID>
		<nsSAFT:SoftwareVersion>005</nsSAFT:SoftwareVersion>
		<nsSAFT:Company>
			<nsSAFT:RegistrationNumber>001220153431</nsSAFT:RegistrationNumber>
			<nsSAFT:Name>КРОНТЕМП</nsSAFT:Name>
			<nsSAFT:Address>
				<nsSAFT:StreetName>ул Тулево </nsSAFT:StreetName>
				<nsSAFT:Number>12</nsSAFT:Number>
				<nsSAFT:AdditionalAddressDetail/>
				<nsSAFT:Building/>
				<nsSAFT:City>София</nsSAFT:City>
				<nsSAFT:PostalCode>1000</nsSAFT:PostalCode>
				<nsSAFT:Region/>
				<nsSAFT:Country>BG</nsSAFT:Country>
				<nsSAFT:AddressType>StreetAddress</nsSAFT:AddressType>
			</nsSAFT:Address>
			<nsSAFT:Contact>
			<nsSAFT:ContactPerson>
					<nsSAFT:Title>Title1</nsSAFT:Title>
				  <nsSAFT:FirstName>FirstName1</nsSAFT:FirstName> 
					<nsSAFT:Initials>Initials1</nsSAFT:Initials>
					<nsSAFT:LastNamePrefix>LastNamePrefix1</nsSAFT:LastNamePrefix>
					<nsSAFT:LastName>LastName1</nsSAFT:LastName>
					<nsSAFT:BirthName>BirthName1</nsSAFT:BirthName>
					<nsSAFT:Salutation>Salutation1</nsSAFT:Salutation>
					<nsSAFT:OtherTitles>OtherTitles1</nsSAFT:OtherTitles>
					<nsSAFT:OtherTitles>OtherTitles2</nsSAFT:OtherTitles>
					<nsSAFT:OtherTitles>OtherTitles3</nsSAFT:OtherTitles>
				</nsSAFT:ContactPerson>
				<nsSAFT:Telephone>9881111</nsSAFT:Telephone>
				<nsSAFT:Fax/>
				<nsSAFT:Email>crontemp@crontemp.au</nsSAFT:Email>
				<nsSAFT:Website>http://crontemp.no.domain</nsSAFT:Website>
			</nsSAFT:Contact>
			<nsSAFT:TaxRegistration>
				<nsSAFT:TaxRegistrationNumber>001220153431</nsSAFT:TaxRegistrationNumber>
				<nsSAFT:TaxType>100010</nsSAFT:TaxType>
				<nsSAFT:TaxNumber>BG1220153431</nsSAFT:TaxNumber>
				<!-- <nsSAFT:TaxAuthority>NRA</nsSAFT:TaxAuthority> -->
				<nsSAFT:TaxVerificationDate>2023-08-02</nsSAFT:TaxVerificationDate>
			</nsSAFT:TaxRegistration>
			<nsSAFT:BankAccount>
				<nsSAFT:IBANNumber>IBAN - SAMPLE</nsSAFT:IBANNumber>
			</nsSAFT:BankAccount>
		</nsSAFT:Company>
		<nsSAFT:Ownership>
			<nsSAFT:IsPartOfGroup>1</nsSAFT:IsPartOfGroup>
			<nsSAFT:BeneficialOwnerNameCyrillicBG>Иван Иванов</nsSAFT:BeneficialOwnerNameCyrillicBG>
			<nsSAFT:BeneficialOwnerEGN>0101010101</nsSAFT:BeneficialOwnerEGN>
			<nsSAFT:BeneficialOwnerNameLatinForeign>Ivan Ivanov</nsSAFT:BeneficialOwnerNameLatinForeign>
			<nsSAFT:BeneficialCountryForeign>ES</nsSAFT:BeneficialCountryForeign>
			<nsSAFT:BeneficialCountryForeignCode>IT</nsSAFT:BeneficialCountryForeignCode>
			<nsSAFT:UltimateOwnerNameCyrillicBG>Вивус 2000</nsSAFT:UltimateOwnerNameCyrillicBG>
			<nsSAFT:UltimateOwnerUICBG>175493220</nsSAFT:UltimateOwnerUICBG>
			<nsSAFT:UltimateOwnerNameCyrillicForeign>Мейбълин</nsSAFT:UltimateOwnerNameCyrillicForeign>
			<nsSAFT:UltimateOwnerNameLatinForeign>Maybelline</nsSAFT:UltimateOwnerNameLatinForeign>
			<nsSAFT:CountryForeign>IT</nsSAFT:CountryForeign>
		</nsSAFT:Ownership>
		<nsSAFT:DefaultCurrencyCode>EUR</nsSAFT:DefaultCurrencyCode>
		<nsSAFT:SelectionCriteria>
			<nsSAFT:TaxReportingJurisdiction>NRA</nsSAFT:TaxReportingJurisdiction>
			<nsSAFT:CompanyEntity/>
			<nsSAFT:PeriodStart>11</nsSAFT:PeriodStart>
			 <nsSAFT:PeriodStartYear>2024</nsSAFT:PeriodStartYear> 
			 <nsSAFT:PeriodEnd>12</nsSAFT:PeriodEnd>
			 <nsSAFT:PeriodEndYear>2024</nsSAFT:PeriodEndYear> 
			<nsSAFT:DocumentType/>
			<nsSAFT:OtherCriteria>Няма</nsSAFT:OtherCriteria>
		</nsSAFT:SelectionCriteria>
		<nsSAFT:HeaderComment>M</nsSAFT:HeaderComment>
		<!-- <nsSAFT:SegmentIndex/>
		<nsSAFT:TotalSegmentsInsequence/> -->
		<nsSAFT:TaxAccountingBasis>A</nsSAFT:TaxAccountingBasis>
		<nsSAFT:TaxEntity>Company</nsSAFT:TaxEntity>
	</nsSAFT:Header>
	<nsSAFT:MasterFilesMonthly>
		<nsSAFT:GeneralLedgerAccounts>
			<nsSAFT:Account>
				<nsSAFT:AccountID>123</nsSAFT:AccountID>
				<nsSAFT:AccountDescription>Земя и постройки</nsSAFT:AccountDescription>
				<nsSAFT:TaxpayerAccountID>1110</nsSAFT:TaxpayerAccountID>
				<nsSAFT:GroupingCategory/>
				<nsSAFT:GroupingCode/>
				<nsSAFT:AccountType>Bifunctional</nsSAFT:AccountType>
				<nsSAFT:AccountCreationDate>2022-12-31</nsSAFT:AccountCreationDate>
				<nsSAFT:OpeningDebitBalance>4680377.42</nsSAFT:OpeningDebitBalance>
				<nsSAFT:ClosingDebitBalance>4680377.41</nsSAFT:ClosingDebitBalance>
			</nsSAFT:Account>
			<nsSAFT:Account>
				<nsSAFT:AccountID>202</nsSAFT:AccountID>
				<nsSAFT:AccountDescription>Натр. обезц., сгради</nsSAFT:AccountDescription>
				<nsSAFT:TaxpayerAccountID>241</nsSAFT:TaxpayerAccountID>
				<nsSAFT:GroupingCategory/>
				<nsSAFT:GroupingCode/>
				<nsSAFT:AccountType>Bifunctional</nsSAFT:AccountType>
				<nsSAFT:AccountCreationDate>2022-12-31</nsSAFT:AccountCreationDate>
				<nsSAFT:OpeningCreditBalance>1276423.72</nsSAFT:OpeningCreditBalance>
				<nsSAFT:ClosingCreditBalance>1665978.00</nsSAFT:ClosingCreditBalance>
			</nsSAFT:Account>
			<nsSAFT:Account>
				<nsSAFT:AccountID>205</nsSAFT:AccountID>
				<nsSAFT:AccountDescription>Производствено оборудванe</nsSAFT:AccountDescription>
				<nsSAFT:TaxpayerAccountID>1210</nsSAFT:TaxpayerAccountID>
				<nsSAFT:GroupingCategory/>
				<nsSAFT:GroupingCode/>
				<nsSAFT:AccountType>Bifunctional</nsSAFT:AccountType>
				<nsSAFT:AccountCreationDate>2022-12-31</nsSAFT:AccountCreationDate>
				<nsSAFT:OpeningDebitBalance>1843932.10</nsSAFT:OpeningDebitBalance>
				<nsSAFT:ClosingDebitBalance>1843932.10</nsSAFT:ClosingDebitBalance>
			</nsSAFT:Account>
			<nsSAFT:Account>
				<nsSAFT:AccountID>205</nsSAFT:AccountID>
				<nsSAFT:AccountDescription>Увел. по време на год.</nsSAFT:AccountDescription>
				<nsSAFT:TaxpayerAccountID>1220</nsSAFT:TaxpayerAccountID>
				<nsSAFT:GroupingCategory/>
				<nsSAFT:GroupingCode/>
				<nsSAFT:AccountType>Bifunctional</nsSAFT:AccountType>
				<nsSAFT:AccountCreationDate>2022-12-31</nsSAFT:AccountCreationDate>
				<nsSAFT:OpeningDebitBalance>0.00</nsSAFT:OpeningDebitBalance>
				<nsSAFT:ClosingDebitBalance>71028.01</nsSAFT:ClosingDebitBalance>
			</nsSAFT:Account>
			<nsSAFT:Account>
				<nsSAFT:AccountID>201</nsSAFT:AccountID>
				<nsSAFT:AccountDescription>Амортизация произво. оборудване</nsSAFT:AccountDescription>
				<nsSAFT:TaxpayerAccountID>1240</nsSAFT:TaxpayerAccountID>
				<nsSAFT:GroupingCategory/>
				<nsSAFT:GroupingCode/>
				<nsSAFT:AccountType>Bifunctional</nsSAFT:AccountType>
				<nsSAFT:AccountCreationDate>2022-12-31</nsSAFT:AccountCreationDate>
				<nsSAFT:OpeningCreditBalance>1146031.60</nsSAFT:OpeningCreditBalance>
				<nsSAFT:ClosingCreditBalance>1606588.79</nsSAFT:ClosingCreditBalance>
			</nsSAFT:Account>
			<nsSAFT:Account>
				<nsSAFT:AccountID>202</nsSAFT:AccountID>
				<nsSAFT:AccountDescription>Автомобили</nsSAFT:AccountDescription>
				<nsSAFT:TaxpayerAccountID>1310</nsSAFT:TaxpayerAccountID>
				<nsSAFT:GroupingCategory/>
				<nsSAFT:GroupingCode/>
				<nsSAFT:AccountType>Bifunctional</nsSAFT:AccountType>
				<nsSAFT:AccountCreationDate>2022-12-31</nsSAFT:AccountCreationDate>
				<nsSAFT:OpeningDebitBalance>156512.06</nsSAFT:OpeningDebitBalance>
				<nsSAFT:ClosingDebitBalance>156512.06</nsSAFT:ClosingDebitBalance>
			</nsSAFT:Account>
			<nsSAFT:Account>
				<nsSAFT:AccountID>206</nsSAFT:AccountID>
				<nsSAFT:AccountDescription>Увел. по време на год.</nsSAFT:AccountDescription>
				<nsSAFT:TaxpayerAccountID>1320</nsSAFT:TaxpayerAccountID>
				<nsSAFT:GroupingCategory/>
				<nsSAFT:GroupingCode/>
				<nsSAFT:AccountType>Bifunctional</nsSAFT:AccountType>
				<nsSAFT:AccountCreationDate>2022-12-31</nsSAFT:AccountCreationDate>
				<nsSAFT:OpeningDebitBalance>0.00</nsSAFT:OpeningDebitBalance>
				<nsSAFT:ClosingDebitBalance>246035.83</nsSAFT:ClosingDebitBalance>
			</nsSAFT:Account>
			<nsSAFT:Account>
				<nsSAFT:AccountID>2411</nsSAFT:AccountID>
				<nsSAFT:AccountDescription>Натр. аморт., авт.</nsSAFT:AccountDescription>
				<nsSAFT:TaxpayerAccountID>1340</nsSAFT:TaxpayerAccountID>
				<nsSAFT:GroupingCategory/>
				<nsSAFT:GroupingCode/>
				<nsSAFT:AccountType>Bifunctional</nsSAFT:AccountType>
				<nsSAFT:AccountCreationDate>2022-12-31</nsSAFT:AccountCreationDate>
				<nsSAFT:OpeningCreditBalance>78467.38</nsSAFT:OpeningCreditBalance>
				<nsSAFT:ClosingCreditBalance>187245.60</nsSAFT:ClosingCreditBalance>
			</nsSAFT:Account>
			<nsSAFT:Account>
				<nsSAFT:AccountID>304</nsSAFT:AccountID>
				<nsSAFT:AccountDescription>Артикули за препродажба</nsSAFT:AccountDescription>
				<nsSAFT:TaxpayerAccountID>2110</nsSAFT:TaxpayerAccountID>
				<nsSAFT:GroupingCategory/>
				<nsSAFT:GroupingCode/>
				<nsSAFT:AccountType>Bifunctional</nsSAFT:AccountType>
				<nsSAFT:AccountCreationDate>2022-12-31</nsSAFT:AccountCreationDate>
				<nsSAFT:OpeningDebitBalance>0.00</nsSAFT:OpeningDebitBalance>
				<nsSAFT:ClosingDebitBalance>1693640.44</nsSAFT:ClosingDebitBalance>
			</nsSAFT:Account>
			<nsSAFT:Account>
				<nsSAFT:AccountID>303</nsSAFT:AccountID>
				<nsSAFT:AccountDescription>Готови изделия</nsSAFT:AccountDescription>
				<nsSAFT:TaxpayerAccountID>2120</nsSAFT:TaxpayerAccountID>
				<nsSAFT:GroupingCategory/>
				<nsSAFT:GroupingCode/>
				<nsSAFT:AccountType>Bifunctional</nsSAFT:AccountType>
				<nsSAFT:AccountCreationDate>2022-12-31</nsSAFT:AccountCreationDate>
				<nsSAFT:OpeningDebitBalance>0.00</nsSAFT:OpeningDebitBalance>
				<nsSAFT:ClosingDebitBalance>305699.60</nsSAFT:ClosingDebitBalance>
			</nsSAFT:Account>
			<nsSAFT:Account>
				<nsSAFT:AccountID>302</nsSAFT:AccountID>
				<nsSAFT:AccountDescription>Материали</nsSAFT:AccountDescription>
				<nsSAFT:TaxpayerAccountID>2130</nsSAFT:TaxpayerAccountID>
				<nsSAFT:GroupingCategory/>
				<nsSAFT:GroupingCode/>
				<nsSAFT:AccountType>Bifunctional</nsSAFT:AccountType>
				<nsSAFT:AccountCreationDate>2022-12-31</nsSAFT:AccountCreationDate>
				<nsSAFT:OpeningDebitBalance>0.00</nsSAFT:OpeningDebitBalance>
				<nsSAFT:ClosingDebitBalance>1494641.00</nsSAFT:ClosingDebitBalance>
			</nsSAFT:Account>
			<nsSAFT:Account>
				<nsSAFT:AccountID>302</nsSAFT:AccountID>
				<nsSAFT:AccountDescription>Осн. скл. запаси</nsSAFT:AccountDescription>
				<nsSAFT:TaxpayerAccountID>2180</nsSAFT:TaxpayerAccountID>
				<nsSAFT:GroupingCategory/>
				<nsSAFT:GroupingCode/>
				<nsSAFT:AccountType>Bifunctional</nsSAFT:AccountType>
				<nsSAFT:AccountCreationDate>2022-12-31</nsSAFT:AccountCreationDate>
				<nsSAFT:OpeningDebitBalance>2895161.46</nsSAFT:OpeningDebitBalance>
				<nsSAFT:ClosingDebitBalance>3489764.60</nsSAFT:ClosingDebitBalance>
			</nsSAFT:Account>
			<nsSAFT:Account>
				<nsSAFT:AccountID>411</nsSAFT:AccountID>
				<nsSAFT:AccountDescription>Местни клиенти</nsSAFT:AccountDescription>
				<nsSAFT:TaxpayerAccountID>2310</nsSAFT:TaxpayerAccountID>
				<nsSAFT:GroupingCategory/>
				<nsSAFT:GroupingCode/>
				<nsSAFT:AccountType>Bifunctional</nsSAFT:AccountType>
				<nsSAFT:AccountCreationDate>2022-12-31</nsSAFT:AccountCreationDate>
				<nsSAFT:OpeningDebitBalance>2520891.95</nsSAFT:OpeningDebitBalance>
				<nsSAFT:ClosingDebitBalance>25762434.50</nsSAFT:ClosingDebitBalance>
			</nsSAFT:Account>
			<nsSAFT:Account>
				<nsSAFT:AccountID>411</nsSAFT:AccountID>
				<nsSAFT:AccountDescription>Клиенти, чуждестранни</nsSAFT:AccountDescription>
				<nsSAFT:TaxpayerAccountID>2320</nsSAFT:TaxpayerAccountID>
				<nsSAFT:GroupingCategory/>
				<nsSAFT:GroupingCode/>
				<nsSAFT:AccountType>Bifunctional</nsSAFT:AccountType>
				<nsSAFT:AccountCreationDate>2022-12-31</nsSAFT:AccountCreationDate>
				<nsSAFT:OpeningDebitBalance>280099.11</nsSAFT:OpeningDebitBalance>
				<nsSAFT:ClosingDebitBalance>5934399.24</nsSAFT:ClosingDebitBalance>
			</nsSAFT:Account>
			<nsSAFT:Account>
				<nsSAFT:AccountID>496</nsSAFT:AccountID>
				<nsSAFT:AccountDescription>Натрупана лихва</nsSAFT:AccountDescription>
				<nsSAFT:TaxpayerAccountID>2330</nsSAFT:TaxpayerAccountID>
				<nsSAFT:GroupingCategory/>
				<nsSAFT:GroupingCode/>
				<nsSAFT:AccountType>Bifunctional</nsSAFT:AccountType>
				<nsSAFT:AccountCreationDate>2022-12-31</nsSAFT:AccountCreationDate>
				<nsSAFT:OpeningDebitBalance>11623.00</nsSAFT:OpeningDebitBalance>
				<nsSAFT:ClosingDebitBalance>117700.54</nsSAFT:ClosingDebitBalance>
			</nsSAFT:Account>
			<nsSAFT:Account>
				<nsSAFT:AccountID>419</nsSAFT:AccountID>
				<nsSAFT:AccountDescription>Други вземания</nsSAFT:AccountDescription>
				<nsSAFT:TaxpayerAccountID>2340</nsSAFT:TaxpayerAccountID>
				<nsSAFT:GroupingCategory/>
				<nsSAFT:GroupingCode/>
				<nsSAFT:AccountType>Bifunctional</nsSAFT:AccountType>
				<nsSAFT:AccountCreationDate>2022-12-31</nsSAFT:AccountCreationDate>
				<nsSAFT:OpeningDebitBalance>0.00</nsSAFT:OpeningDebitBalance>
				<nsSAFT:ClosingDebitBalance>6423.75</nsSAFT:ClosingDebitBalance>
			</nsSAFT:Account>
			<nsSAFT:Account>
				<nsSAFT:AccountID>509</nsSAFT:AccountID>
				<nsSAFT:AccountDescription>Бонове</nsSAFT:AccountDescription>
				<nsSAFT:TaxpayerAccountID>2810</nsSAFT:TaxpayerAccountID>
				<nsSAFT:GroupingCategory/>
				<nsSAFT:GroupingCode/>
				<nsSAFT:AccountType>Bifunctional</nsSAFT:AccountType>
				<nsSAFT:AccountCreationDate>2022-12-31</nsSAFT:AccountCreationDate>
				<nsSAFT:OpeningDebitBalance>37521.63</nsSAFT:OpeningDebitBalance>
				<nsSAFT:ClosingDebitBalance>37521.63</nsSAFT:ClosingDebitBalance>
			</nsSAFT:Account>
			<nsSAFT:Account>
				<nsSAFT:AccountID>501</nsSAFT:AccountID>
				<nsSAFT:AccountDescription>Каса</nsSAFT:AccountDescription>
				<nsSAFT:TaxpayerAccountID>2910</nsSAFT:TaxpayerAccountID>
				<nsSAFT:GroupingCategory/>
				<nsSAFT:GroupingCode/>
				<nsSAFT:AccountType>Bifunctional</nsSAFT:AccountType>
				<nsSAFT:AccountCreationDate>2022-12-31</nsSAFT:AccountCreationDate>
				<nsSAFT:OpeningDebitBalance>476.29</nsSAFT:OpeningDebitBalance>
				<nsSAFT:ClosingDebitBalance>3585.27</nsSAFT:ClosingDebitBalance>
			</nsSAFT:Account>
			<nsSAFT:Account>
				<nsSAFT:AccountID>503</nsSAFT:AccountID>
				<nsSAFT:AccountDescription>Банка, Лева</nsSAFT:AccountDescription>
				<nsSAFT:TaxpayerAccountID>2920</nsSAFT:TaxpayerAccountID>
				<nsSAFT:GroupingCategory/>
				<nsSAFT:GroupingCode/>
				<nsSAFT:AccountType>Bifunctional</nsSAFT:AccountType>
				<nsSAFT:AccountCreationDate>2022-12-31</nsSAFT:AccountCreationDate>
				<nsSAFT:OpeningDebitBalance>8045.86</nsSAFT:OpeningDebitBalance>
				<nsSAFT:ClosingDebitBalance>18010.20</nsSAFT:ClosingDebitBalance>
			</nsSAFT:Account>
			<nsSAFT:Account>
				<nsSAFT:AccountID>504</nsSAFT:AccountID>
				<nsSAFT:AccountDescription>Банка, Валутна</nsSAFT:AccountDescription>
				<nsSAFT:TaxpayerAccountID>2930</nsSAFT:TaxpayerAccountID>
				<nsSAFT:GroupingCategory/>
				<nsSAFT:GroupingCode/>
				<nsSAFT:AccountType>Bifunctional</nsSAFT:AccountType>
				<nsSAFT:AccountCreationDate>2022-12-31</nsSAFT:AccountCreationDate>
				<nsSAFT:OpeningDebitBalance>0.00</nsSAFT:OpeningDebitBalance>
				<nsSAFT:ClosingDebitBalance>0.00</nsSAFT:ClosingDebitBalance>
			</nsSAFT:Account>
			<nsSAFT:Account>
				<nsSAFT:AccountID>509</nsSAFT:AccountID>
				<nsSAFT:AccountDescription>Джиро сметка</nsSAFT:AccountDescription>
				<nsSAFT:TaxpayerAccountID>2940</nsSAFT:TaxpayerAccountID>
				<nsSAFT:GroupingCategory/>
				<nsSAFT:GroupingCode/>
				<nsSAFT:AccountType>Bifunctional</nsSAFT:AccountType>
				<nsSAFT:AccountCreationDate>2022-12-31</nsSAFT:AccountCreationDate>
				<nsSAFT:OpeningDebitBalance>16992.58</nsSAFT:OpeningDebitBalance>
				<nsSAFT:ClosingDebitBalance>1425148.07</nsSAFT:ClosingDebitBalance>
			</nsSAFT:Account>
			<nsSAFT:Account>
				<nsSAFT:AccountID>101</nsSAFT:AccountID>
				<nsSAFT:AccountDescription>Основен капитал</nsSAFT:AccountDescription>
				<nsSAFT:TaxpayerAccountID>3110</nsSAFT:TaxpayerAccountID>
				<nsSAFT:GroupingCategory/>
				<nsSAFT:GroupingCode/>
				<nsSAFT:AccountType>Bifunctional</nsSAFT:AccountType>
				<nsSAFT:AccountCreationDate>2022-12-31</nsSAFT:AccountCreationDate>
				<nsSAFT:OpeningDebitBalance>0.00</nsSAFT:OpeningDebitBalance>
				<nsSAFT:ClosingDebitBalance>0.00</nsSAFT:ClosingDebitBalance>
			</nsSAFT:Account>
			<nsSAFT:Account>
				<nsSAFT:AccountID>122</nsSAFT:AccountID>
				<nsSAFT:AccountDescription>Неразпределена печалба</nsSAFT:AccountDescription>
				<nsSAFT:TaxpayerAccountID>3120</nsSAFT:TaxpayerAccountID>
				<nsSAFT:GroupingCategory/>
				<nsSAFT:GroupingCode/>
				<nsSAFT:AccountType>Bifunctional</nsSAFT:AccountType>
				<nsSAFT:AccountCreationDate>2022-12-31</nsSAFT:AccountCreationDate>
				<nsSAFT:OpeningCreditBalance>1544844.41</nsSAFT:OpeningCreditBalance>
				<nsSAFT:ClosingCreditBalance>1544844.41</nsSAFT:ClosingCreditBalance>
			</nsSAFT:Account>
			<nsSAFT:Account>
				<nsSAFT:AccountID>459</nsSAFT:AccountID>
				<nsSAFT:AccountDescription>Отложени данъци</nsSAFT:AccountDescription>
				<nsSAFT:TaxpayerAccountID>4010</nsSAFT:TaxpayerAccountID>
				<nsSAFT:GroupingCategory/>
				<nsSAFT:GroupingCode/>
				<nsSAFT:AccountType>Bifunctional</nsSAFT:AccountType>
				<nsSAFT:AccountCreationDate>2022-12-31</nsSAFT:AccountCreationDate>
				<nsSAFT:OpeningCreditBalance>480350.00</nsSAFT:OpeningCreditBalance>
				<nsSAFT:ClosingCreditBalance>547968.50</nsSAFT:ClosingCreditBalance>
			</nsSAFT:Account>
			<nsSAFT:Account>
				<nsSAFT:AccountID>152</nsSAFT:AccountID>
				<nsSAFT:AccountDescription>Дълг. банкови заеми</nsSAFT:AccountDescription>
				<nsSAFT:TaxpayerAccountID>5110</nsSAFT:TaxpayerAccountID>
				<nsSAFT:GroupingCategory/>
				<nsSAFT:GroupingCode/>
				<nsSAFT:AccountType>Bifunctional</nsSAFT:AccountType>
				<nsSAFT:AccountCreationDate>2022-12-31</nsSAFT:AccountCreationDate>
				<nsSAFT:OpeningCreditBalance>203359.14</nsSAFT:OpeningCreditBalance>
				<nsSAFT:ClosingCreditBalance>203359.14</nsSAFT:ClosingCreditBalance>
			</nsSAFT:Account>
			<nsSAFT:Account>
				<nsSAFT:AccountID>152</nsSAFT:AccountID>
				<nsSAFT:AccountDescription>Ипотека</nsSAFT:AccountDescription>
				<nsSAFT:TaxpayerAccountID>5120</nsSAFT:TaxpayerAccountID>
				<nsSAFT:GroupingCategory/>
				<nsSAFT:GroupingCode/>
				<nsSAFT:AccountType>Bifunctional</nsSAFT:AccountType>
				<nsSAFT:AccountCreationDate>2022-12-31</nsSAFT:AccountCreationDate>
				<nsSAFT:OpeningCreditBalance>1143165.75</nsSAFT:OpeningCreditBalance>
				<nsSAFT:ClosingCreditBalance>1143165.75</nsSAFT:ClosingCreditBalance>
			</nsSAFT:Account>
			<nsSAFT:Account>
				<nsSAFT:AccountID>156</nsSAFT:AccountID>
				<nsSAFT:AccountDescription>Револвиращ кредит</nsSAFT:AccountDescription>
				<nsSAFT:TaxpayerAccountID>5310</nsSAFT:TaxpayerAccountID>
				<nsSAFT:GroupingCategory/>
				<nsSAFT:GroupingCode/>
				<nsSAFT:AccountType>Bifunctional</nsSAFT:AccountType>
				<nsSAFT:AccountCreationDate>2022-12-31</nsSAFT:AccountCreationDate>
				<nsSAFT:OpeningCreditBalance>3029026.52</nsSAFT:OpeningCreditBalance>
				<nsSAFT:ClosingCreditBalance>20183957.12</nsSAFT:ClosingCreditBalance>
			</nsSAFT:Account>
			<nsSAFT:Account>
				<nsSAFT:AccountID>401</nsSAFT:AccountID>
				<nsSAFT:AccountDescription>Доставчици, местни</nsSAFT:AccountDescription>
				<nsSAFT:TaxpayerAccountID>5410</nsSAFT:TaxpayerAccountID>
				<nsSAFT:GroupingCategory/>
				<nsSAFT:GroupingCode/>
				<nsSAFT:AccountType>Bifunctional</nsSAFT:AccountType>
				<nsSAFT:AccountCreationDate>2022-12-31</nsSAFT:AccountCreationDate>
				<nsSAFT:OpeningCreditBalance>1598062.74</nsSAFT:OpeningCreditBalance>
				<nsSAFT:ClosingCreditBalance>14717459.14</nsSAFT:ClosingCreditBalance>
			</nsSAFT:Account>
			<nsSAFT:Account>
				<nsSAFT:AccountID>401</nsSAFT:AccountID>
				<nsSAFT:AccountDescription>Доставчици, чуждестранни</nsSAFT:AccountDescription>
				<nsSAFT:TaxpayerAccountID>5420</nsSAFT:TaxpayerAccountID>
				<nsSAFT:GroupingCategory/>
				<nsSAFT:GroupingCode/>
				<nsSAFT:AccountType>Bifunctional</nsSAFT:AccountType>
				<nsSAFT:AccountCreationDate>2022-12-31</nsSAFT:AccountCreationDate>
				<nsSAFT:OpeningCreditBalance>219156.73</nsSAFT:OpeningCreditBalance>
				<nsSAFT:ClosingCreditBalance>3488409.31</nsSAFT:ClosingCreditBalance>
			</nsSAFT:Account>
			<nsSAFT:Account>
				<nsSAFT:AccountID>4532</nsSAFT:AccountID>
				<nsSAFT:AccountDescription>ДДС за продажби 20 %</nsSAFT:AccountDescription>
				<nsSAFT:TaxpayerAccountID>5610</nsSAFT:TaxpayerAccountID>
				<nsSAFT:GroupingCategory/>
				<nsSAFT:GroupingCode/>
				<nsSAFT:AccountType>Bifunctional</nsSAFT:AccountType>
				<nsSAFT:AccountCreationDate>2022-12-31</nsSAFT:AccountCreationDate>
				<nsSAFT:OpeningDebitBalance>0.00</nsSAFT:OpeningDebitBalance>
				<nsSAFT:ClosingDebitBalance>2844674.69</nsSAFT:ClosingDebitBalance>
			</nsSAFT:Account>
			<nsSAFT:Account>
				<nsSAFT:AccountID>4532</nsSAFT:AccountID>
				<nsSAFT:AccountDescription>ДДС за продажби 9 %</nsSAFT:AccountDescription>
				<nsSAFT:TaxpayerAccountID>5611</nsSAFT:TaxpayerAccountID>
				<nsSAFT:GroupingCategory/>
				<nsSAFT:GroupingCode/>
				<nsSAFT:AccountType>Bifunctional</nsSAFT:AccountType>
				<nsSAFT:AccountCreationDate>2022-12-31</nsSAFT:AccountCreationDate>
				<nsSAFT:OpeningDebitBalance>0.00</nsSAFT:OpeningDebitBalance>
				<nsSAFT:ClosingDebitBalance>58956.36</nsSAFT:ClosingDebitBalance>
			</nsSAFT:Account>
			<nsSAFT:Account>
				<nsSAFT:AccountID>4531</nsSAFT:AccountID>
				<nsSAFT:AccountDescription>ДДС за покупки 20 % ЕС</nsSAFT:AccountDescription>
				<nsSAFT:TaxpayerAccountID>5620</nsSAFT:TaxpayerAccountID>
				<nsSAFT:GroupingCategory/>
				<nsSAFT:GroupingCode/>
				<nsSAFT:AccountType>Bifunctional</nsSAFT:AccountType>
				<nsSAFT:AccountCreationDate>2022-12-31</nsSAFT:AccountCreationDate>
				<nsSAFT:OpeningCreditBalance>0.00</nsSAFT:OpeningCreditBalance>
				<nsSAFT:ClosingCreditBalance>412909.52</nsSAFT:ClosingCreditBalance>
			</nsSAFT:Account>
			<nsSAFT:Account>
				<nsSAFT:AccountID>4531</nsSAFT:AccountID>
				<nsSAFT:AccountDescription>ДДС за покупки 20 %</nsSAFT:AccountDescription>
				<nsSAFT:TaxpayerAccountID>5630</nsSAFT:TaxpayerAccountID>
				<nsSAFT:GroupingCategory/>
				<nsSAFT:GroupingCode/>
				<nsSAFT:AccountType>Bifunctional</nsSAFT:AccountType>
				<nsSAFT:AccountCreationDate>2022-12-31</nsSAFT:AccountCreationDate>
				<nsSAFT:OpeningCreditBalance>0.00</nsSAFT:OpeningCreditBalance>
				<nsSAFT:ClosingCreditBalance>2438114.67</nsSAFT:ClosingCreditBalance>
			</nsSAFT:Account>
			<nsSAFT:Account>
				<nsSAFT:AccountID>4531</nsSAFT:AccountID>
				<nsSAFT:AccountDescription>ДДС за покупки 20 %</nsSAFT:AccountDescription>
				<nsSAFT:TaxpayerAccountID>5631</nsSAFT:TaxpayerAccountID>
				<nsSAFT:GroupingCategory/>
				<nsSAFT:GroupingCode/>
				<nsSAFT:AccountType>Bifunctional</nsSAFT:AccountType>
				<nsSAFT:AccountCreationDate>2022-12-31</nsSAFT:AccountCreationDate>
				<nsSAFT:OpeningCreditBalance>0.00</nsSAFT:OpeningCreditBalance>
				<nsSAFT:ClosingCreditBalance>4658.63</nsSAFT:ClosingCreditBalance>
			</nsSAFT:Account>
			<nsSAFT:Account>
				<nsSAFT:AccountID>459</nsSAFT:AccountID>
				<nsSAFT:AccountDescription>Друг данък 1</nsSAFT:AccountDescription>
				<nsSAFT:TaxpayerAccountID>5710</nsSAFT:TaxpayerAccountID>
				<nsSAFT:GroupingCategory/>
				<nsSAFT:GroupingCode/>
				<nsSAFT:AccountType>Bifunctional</nsSAFT:AccountType>
				<nsSAFT:AccountCreationDate>2022-12-31</nsSAFT:AccountCreationDate>
				<nsSAFT:OpeningCreditBalance>0.00</nsSAFT:OpeningCreditBalance>
				<nsSAFT:ClosingCreditBalance>851902.01</nsSAFT:ClosingCreditBalance>
			</nsSAFT:Account>
			<nsSAFT:Account>
				<nsSAFT:AccountID>459</nsSAFT:AccountID>
				<nsSAFT:AccountDescription>Друг данък 2</nsSAFT:AccountDescription>
				<nsSAFT:TaxpayerAccountID>5750</nsSAFT:TaxpayerAccountID>
				<nsSAFT:GroupingCategory/>
				<nsSAFT:GroupingCode/>
				<nsSAFT:AccountType>Bifunctional</nsSAFT:AccountType>
				<nsSAFT:AccountCreationDate>2022-12-31</nsSAFT:AccountCreationDate>
				<nsSAFT:OpeningCreditBalance>0.00</nsSAFT:OpeningCreditBalance>
				<nsSAFT:ClosingCreditBalance>0.00</nsSAFT:ClosingCreditBalance>
			</nsSAFT:Account>
			<nsSAFT:Account>
				<nsSAFT:AccountID>4539</nsSAFT:AccountID>
				<nsSAFT:AccountDescription>Платим ДДС</nsSAFT:AccountDescription>
				<nsSAFT:TaxpayerAccountID>5780</nsSAFT:TaxpayerAccountID>
				<nsSAFT:GroupingCategory/>
				<nsSAFT:GroupingCode/>
				<nsSAFT:AccountType>Bifunctional</nsSAFT:AccountType>
				<nsSAFT:AccountCreationDate>2022-12-31</nsSAFT:AccountCreationDate>
				<nsSAFT:OpeningCreditBalance>294088.01</nsSAFT:OpeningCreditBalance>
				<nsSAFT:ClosingCreditBalance>294088.01</nsSAFT:ClosingCreditBalance>
			</nsSAFT:Account>
			<nsSAFT:Account>
				<nsSAFT:AccountID>459</nsSAFT:AccountID>
				<nsSAFT:AccountDescription>Друг данък 3</nsSAFT:AccountDescription>
				<nsSAFT:TaxpayerAccountID>5810</nsSAFT:TaxpayerAccountID>
				<nsSAFT:GroupingCategory/>
				<nsSAFT:GroupingCode/>
				<nsSAFT:AccountType>Bifunctional</nsSAFT:AccountType>
				<nsSAFT:AccountCreationDate>2022-12-31</nsSAFT:AccountCreationDate>
				<nsSAFT:OpeningCreditBalance>309996.84</nsSAFT:OpeningCreditBalance>
				<nsSAFT:ClosingCreditBalance>578499.82</nsSAFT:ClosingCreditBalance>
			</nsSAFT:Account>
			<nsSAFT:Account>
				<nsSAFT:AccountID>459</nsSAFT:AccountID>
				<nsSAFT:AccountDescription>Друг данък 4</nsSAFT:AccountDescription>
				<nsSAFT:TaxpayerAccountID>5820</nsSAFT:TaxpayerAccountID>
				<nsSAFT:GroupingCategory/>
				<nsSAFT:GroupingCode/>
				<nsSAFT:AccountType>Bifunctional</nsSAFT:AccountType>
				<nsSAFT:AccountCreationDate>2022-12-31</nsSAFT:AccountCreationDate>
				<nsSAFT:OpeningCreditBalance>0.00</nsSAFT:OpeningCreditBalance>
				<nsSAFT:ClosingCreditBalance>99765.00</nsSAFT:ClosingCreditBalance>
			</nsSAFT:Account>
			<nsSAFT:Account>
				<nsSAFT:AccountID>459</nsSAFT:AccountID>
				<nsSAFT:AccountDescription>Друг данък 5</nsSAFT:AccountDescription>
				<nsSAFT:TaxpayerAccountID>5830</nsSAFT:TaxpayerAccountID>
				<nsSAFT:GroupingCategory/>
				<nsSAFT:GroupingCode/>
				<nsSAFT:AccountType>Bifunctional</nsSAFT:AccountType>
				<nsSAFT:AccountCreationDate>2022-12-31</nsSAFT:AccountCreationDate>
				<nsSAFT:OpeningCreditBalance>46511.54</nsSAFT:OpeningCreditBalance>
				<nsSAFT:ClosingCreditBalance>96887.68</nsSAFT:ClosingCreditBalance>
			</nsSAFT:Account>
			<nsSAFT:Account>
				<nsSAFT:AccountID>459</nsSAFT:AccountID>
				<nsSAFT:AccountDescription>Друг данък 6</nsSAFT:AccountDescription>
				<nsSAFT:TaxpayerAccountID>5840</nsSAFT:TaxpayerAccountID>
				<nsSAFT:GroupingCategory/>
				<nsSAFT:GroupingCode/>
				<nsSAFT:AccountType>Bifunctional</nsSAFT:AccountType>
				<nsSAFT:AccountCreationDate>2022-12-31</nsSAFT:AccountCreationDate>
				<nsSAFT:OpeningCreditBalance>14294.07</nsSAFT:OpeningCreditBalance>
				<nsSAFT:ClosingCreditBalance>33863.85</nsSAFT:ClosingCreditBalance>
			</nsSAFT:Account>
			<nsSAFT:Account>
				<nsSAFT:AccountID>459</nsSAFT:AccountID>
				<nsSAFT:AccountDescription>Друг данък 7</nsSAFT:AccountDescription>
				<nsSAFT:TaxpayerAccountID>5920</nsSAFT:TaxpayerAccountID>
				<nsSAFT:GroupingCategory/>
				<nsSAFT:GroupingCode/>
				<nsSAFT:AccountType>Bifunctional</nsSAFT:AccountType>
				<nsSAFT:AccountCreationDate>2022-12-31</nsSAFT:AccountCreationDate>
				<nsSAFT:OpeningCreditBalance>144105.00</nsSAFT:OpeningCreditBalance>
				<nsSAFT:ClosingCreditBalance>253477.00</nsSAFT:ClosingCreditBalance>
			</nsSAFT:Account>
			<nsSAFT:Account>
				<nsSAFT:AccountID>702</nsSAFT:AccountID>
				<nsSAFT:AccountDescription>Продажби на дребно - мес.</nsSAFT:AccountDescription>
				<nsSAFT:TaxpayerAccountID>6110</nsSAFT:TaxpayerAccountID>
				<nsSAFT:GroupingCategory/>
				<nsSAFT:GroupingCode/>
				<nsSAFT:AccountType>Bifunctional</nsSAFT:AccountType>
				<nsSAFT:AccountCreationDate>2022-12-31</nsSAFT:AccountCreationDate>
				<nsSAFT:OpeningCreditBalance>0.00</nsSAFT:OpeningCreditBalance>
				<nsSAFT:ClosingCreditBalance>2376169.16</nsSAFT:ClosingCreditBalance>
			</nsSAFT:Account>
			<nsSAFT:Account>
				<nsSAFT:AccountID>702</nsSAFT:AccountID>
				<nsSAFT:AccountDescription>Продажби на дребно - ЕС</nsSAFT:AccountDescription>
				<nsSAFT:TaxpayerAccountID>6120</nsSAFT:TaxpayerAccountID>
				<nsSAFT:GroupingCategory/>
				<nsSAFT:GroupingCode/>
				<nsSAFT:AccountType>Bifunctional</nsSAFT:AccountType>
				<nsSAFT:AccountCreationDate>2022-12-31</nsSAFT:AccountCreationDate>
				<nsSAFT:OpeningCreditBalance>0.00</nsSAFT:OpeningCreditBalance>
				<nsSAFT:ClosingCreditBalance>171662.48</nsSAFT:ClosingCreditBalance>
			</nsSAFT:Account>
			<nsSAFT:Account>
				<nsSAFT:AccountID>702</nsSAFT:AccountID>
				<nsSAFT:AccountDescription>Продажби на дребно - износ</nsSAFT:AccountDescription>
				<nsSAFT:TaxpayerAccountID>6130</nsSAFT:TaxpayerAccountID>
				<nsSAFT:GroupingCategory/>
				<nsSAFT:GroupingCode/>
				<nsSAFT:AccountType>Bifunctional</nsSAFT:AccountType>
				<nsSAFT:AccountCreationDate>2022-12-31</nsSAFT:AccountCreationDate>
				<nsSAFT:OpeningCreditBalance>0.00</nsSAFT:OpeningCreditBalance>
				<nsSAFT:ClosingCreditBalance>355061.58</nsSAFT:ClosingCreditBalance>
			</nsSAFT:Account>
			<nsSAFT:Account>
				<nsSAFT:AccountID>706</nsSAFT:AccountID>
				<nsSAFT:AccountDescription>Прод., материали - местни.</nsSAFT:AccountDescription>
				<nsSAFT:TaxpayerAccountID>6210</nsSAFT:TaxpayerAccountID>
				<nsSAFT:GroupingCategory/>
				<nsSAFT:GroupingCode/>
				<nsSAFT:AccountType>Bifunctional</nsSAFT:AccountType>
				<nsSAFT:AccountCreationDate>2022-12-31</nsSAFT:AccountCreationDate>
				<nsSAFT:OpeningCreditBalance>0.00</nsSAFT:OpeningCreditBalance>
				<nsSAFT:ClosingCreditBalance>14075209.20</nsSAFT:ClosingCreditBalance>
			</nsSAFT:Account>
			<nsSAFT:Account>
				<nsSAFT:AccountID>706</nsSAFT:AccountID>
				<nsSAFT:AccountDescription>Прод., материали - ЕС</nsSAFT:AccountDescription>
				<nsSAFT:TaxpayerAccountID>6220</nsSAFT:TaxpayerAccountID>
				<nsSAFT:GroupingCategory/>
				<nsSAFT:GroupingCode/>
				<nsSAFT:AccountType>Bifunctional</nsSAFT:AccountType>
				<nsSAFT:AccountCreationDate>2022-12-31</nsSAFT:AccountCreationDate>
				<nsSAFT:OpeningCreditBalance>0.00</nsSAFT:OpeningCreditBalance>
				<nsSAFT:ClosingCreditBalance>1640062.53</nsSAFT:ClosingCreditBalance>
			</nsSAFT:Account>
			<nsSAFT:Account>
				<nsSAFT:AccountID>706</nsSAFT:AccountID>
				<nsSAFT:AccountDescription>Прод.,  материали - износ</nsSAFT:AccountDescription>
				<nsSAFT:TaxpayerAccountID>6230</nsSAFT:TaxpayerAccountID>
				<nsSAFT:GroupingCategory/>
				<nsSAFT:GroupingCode/>
				<nsSAFT:AccountType>Bifunctional</nsSAFT:AccountType>
				<nsSAFT:AccountCreationDate>2022-12-31</nsSAFT:AccountCreationDate>
				<nsSAFT:OpeningCreditBalance>0.00</nsSAFT:OpeningCreditBalance>
				<nsSAFT:ClosingCreditBalance>2784447.10</nsSAFT:ClosingCreditBalance>
			</nsSAFT:Account>
			<nsSAFT:Account>
				<nsSAFT:AccountID>706</nsSAFT:AccountID>
				<nsSAFT:AccountDescription>Прод., ресурси - местни</nsSAFT:AccountDescription>
				<nsSAFT:TaxpayerAccountID>6410</nsSAFT:TaxpayerAccountID>
				<nsSAFT:GroupingCategory/>
				<nsSAFT:GroupingCode/>
				<nsSAFT:AccountType>Bifunctional</nsSAFT:AccountType>
				<nsSAFT:AccountCreationDate>2022-12-31</nsSAFT:AccountCreationDate>
				<nsSAFT:OpeningCreditBalance>0.00</nsSAFT:OpeningCreditBalance>
				<nsSAFT:ClosingCreditBalance>0.00</nsSAFT:ClosingCreditBalance>
			</nsSAFT:Account>
			<nsSAFT:Account>
				<nsSAFT:AccountID>702</nsSAFT:AccountID>
				<nsSAFT:AccountDescription>Конс. такси - местни</nsSAFT:AccountDescription>
				<nsSAFT:TaxpayerAccountID>6710</nsSAFT:TaxpayerAccountID>
				<nsSAFT:GroupingCategory/>
				<nsSAFT:GroupingCode/>
				<nsSAFT:AccountType>Bifunctional</nsSAFT:AccountType>
				<nsSAFT:AccountCreationDate>2022-12-31</nsSAFT:AccountCreationDate>
				<nsSAFT:OpeningCreditBalance>0.00</nsSAFT:OpeningCreditBalance>
				<nsSAFT:ClosingCreditBalance>745304.61</nsSAFT:ClosingCreditBalance>
			</nsSAFT:Account>
			<nsSAFT:Account>
				<nsSAFT:AccountID>702</nsSAFT:AccountID>
				<nsSAFT:AccountDescription>Такси и пол. разх. - местни</nsSAFT:AccountDescription>
				<nsSAFT:TaxpayerAccountID>6810</nsSAFT:TaxpayerAccountID>
				<nsSAFT:GroupingCategory/>
				<nsSAFT:GroupingCode/>
				<nsSAFT:AccountType>Bifunctional</nsSAFT:AccountType>
				<nsSAFT:AccountCreationDate>2022-12-31</nsSAFT:AccountCreationDate>
				<nsSAFT:OpeningCreditBalance>0.00</nsSAFT:OpeningCreditBalance>
				<nsSAFT:ClosingCreditBalance>3040.24</nsSAFT:ClosingCreditBalance>
			</nsSAFT:Account>
			<nsSAFT:Account>
				<nsSAFT:AccountID>702</nsSAFT:AccountID>
				<nsSAFT:AccountDescription>Предоставена отстъпка</nsSAFT:AccountDescription>
				<nsSAFT:TaxpayerAccountID>6910</nsSAFT:TaxpayerAccountID>
				<nsSAFT:GroupingCategory/>
				<nsSAFT:GroupingCode/>
				<nsSAFT:AccountType>Bifunctional</nsSAFT:AccountType>
				<nsSAFT:AccountCreationDate>2022-12-31</nsSAFT:AccountCreationDate>
				<nsSAFT:OpeningDebitBalance>0.00</nsSAFT:OpeningDebitBalance>
				<nsSAFT:ClosingDebitBalance>110081.09</nsSAFT:ClosingDebitBalance>
			</nsSAFT:Account>
			<nsSAFT:Account>
				<nsSAFT:AccountID>301</nsSAFT:AccountID>
				<nsSAFT:AccountDescription>Пок., на дребно - местни</nsSAFT:AccountDescription>
				<nsSAFT:TaxpayerAccountID>7110</nsSAFT:TaxpayerAccountID>
				<nsSAFT:GroupingCategory/>
				<nsSAFT:GroupingCode/>
				<nsSAFT:AccountType>Bifunctional</nsSAFT:AccountType>
				<nsSAFT:AccountCreationDate>2022-12-31</nsSAFT:AccountCreationDate>
				<nsSAFT:OpeningDebitBalance>0.00</nsSAFT:OpeningDebitBalance>
				<nsSAFT:ClosingDebitBalance>1908982.32</nsSAFT:ClosingDebitBalance>
			</nsSAFT:Account>
			<nsSAFT:Account>
				<nsSAFT:AccountID>301</nsSAFT:AccountID>
				<nsSAFT:AccountDescription>Пок., на дребно - ЕС</nsSAFT:AccountDescription>
				<nsSAFT:TaxpayerAccountID>7120</nsSAFT:TaxpayerAccountID>
				<nsSAFT:GroupingCategory/>
				<nsSAFT:GroupingCode/>
				<nsSAFT:AccountType>Bifunctional</nsSAFT:AccountType>
				<nsSAFT:AccountCreationDate>2022-12-31</nsSAFT:AccountCreationDate>
				<nsSAFT:OpeningDebitBalance>0.00</nsSAFT:OpeningDebitBalance>
				<nsSAFT:ClosingDebitBalance>347858.66</nsSAFT:ClosingDebitBalance>
			</nsSAFT:Account>
			<nsSAFT:Account>
				<nsSAFT:AccountID>301</nsSAFT:AccountID>
				<nsSAFT:AccountDescription>Пок., на дребно - износ</nsSAFT:AccountDescription>
				<nsSAFT:TaxpayerAccountID>7130</nsSAFT:TaxpayerAccountID>
				<nsSAFT:GroupingCategory/>
				<nsSAFT:GroupingCode/>
				<nsSAFT:AccountType>Bifunctional</nsSAFT:AccountType>
				<nsSAFT:AccountCreationDate>2022-12-31</nsSAFT:AccountCreationDate>
				<nsSAFT:OpeningDebitBalance>0.00</nsSAFT:OpeningDebitBalance>
				<nsSAFT:ClosingDebitBalance>241824.97</nsSAFT:ClosingDebitBalance>
			</nsSAFT:Account>
			<nsSAFT:Account>
				<nsSAFT:AccountID>301</nsSAFT:AccountID>
				<nsSAFT:AccountDescription>Отст. пол., на дребно</nsSAFT:AccountDescription>
				<nsSAFT:TaxpayerAccountID>7140</nsSAFT:TaxpayerAccountID>
				<nsSAFT:GroupingCategory/>
				<nsSAFT:GroupingCode/>
				<nsSAFT:AccountType>Bifunctional</nsSAFT:AccountType>
				<nsSAFT:AccountCreationDate>2022-12-31</nsSAFT:AccountCreationDate>
				<nsSAFT:OpeningCreditBalance>0.00</nsSAFT:OpeningCreditBalance>
				<nsSAFT:ClosingCreditBalance>10453.81</nsSAFT:ClosingCreditBalance>
			</nsSAFT:Account>
			<nsSAFT:Account>
				<nsSAFT:AccountID>301</nsSAFT:AccountID>
				<nsSAFT:AccountDescription>Разх. дост., на дребно</nsSAFT:AccountDescription>
				<nsSAFT:TaxpayerAccountID>7150</nsSAFT:TaxpayerAccountID>
				<nsSAFT:GroupingCategory/>
				<nsSAFT:GroupingCode/>
				<nsSAFT:AccountType>Bifunctional</nsSAFT:AccountType>
				<nsSAFT:AccountCreationDate>2022-12-31</nsSAFT:AccountCreationDate>
				<nsSAFT:OpeningDebitBalance>0.00</nsSAFT:OpeningDebitBalance>
				<nsSAFT:ClosingDebitBalance>3117.20</nsSAFT:ClosingDebitBalance>
			</nsSAFT:Account>
			<nsSAFT:Account>
				<nsSAFT:AccountID>301</nsSAFT:AccountID>
				<nsSAFT:AccountDescription>Кор. инв., на дребно</nsSAFT:AccountDescription>
				<nsSAFT:TaxpayerAccountID>7170</nsSAFT:TaxpayerAccountID>
				<nsSAFT:GroupingCategory/>
				<nsSAFT:GroupingCode/>
				<nsSAFT:AccountType>Bifunctional</nsSAFT:AccountType>
				<nsSAFT:AccountCreationDate>2022-12-31</nsSAFT:AccountCreationDate>
				<nsSAFT:OpeningDebitBalance>0.00</nsSAFT:OpeningDebitBalance>
				<nsSAFT:ClosingDebitBalance>96805.82</nsSAFT:ClosingDebitBalance>
			</nsSAFT:Account>
			<nsSAFT:Account>
				<nsSAFT:AccountID>301</nsSAFT:AccountID>
				<nsSAFT:AccountDescription>Начисл. пряка себест., на др.</nsSAFT:AccountDescription>
				<nsSAFT:TaxpayerAccountID>7191</nsSAFT:TaxpayerAccountID>
				<nsSAFT:GroupingCategory/>
				<nsSAFT:GroupingCode/>
				<nsSAFT:AccountType>Bifunctional</nsSAFT:AccountType>
				<nsSAFT:AccountCreationDate>2022-12-31</nsSAFT:AccountCreationDate>
				<nsSAFT:OpeningCreditBalance>0.00</nsSAFT:OpeningCreditBalance>
				<nsSAFT:ClosingCreditBalance>3893.40</nsSAFT:ClosingCreditBalance>
			</nsSAFT:Account>
			<nsSAFT:Account>
				<nsSAFT:AccountID>60101</nsSAFT:AccountID>
				<nsSAFT:AccountDescription>Пок.,  материали - местни</nsSAFT:AccountDescription>
				<nsSAFT:TaxpayerAccountID>7210</nsSAFT:TaxpayerAccountID>
				<nsSAFT:GroupingCategory/>
				<nsSAFT:GroupingCode/>
				<nsSAFT:AccountType>Bifunctional</nsSAFT:AccountType>
				<nsSAFT:AccountCreationDate>2022-12-31</nsSAFT:AccountCreationDate>
				<nsSAFT:OpeningDebitBalance>0.00</nsSAFT:OpeningDebitBalance>
				<nsSAFT:ClosingDebitBalance>7364220.63</nsSAFT:ClosingDebitBalance>
			</nsSAFT:Account>
			<nsSAFT:Account>
				<nsSAFT:AccountID>60101</nsSAFT:AccountID>
				<nsSAFT:AccountDescription>Пок.,  материали - ЕС</nsSAFT:AccountDescription>
				<nsSAFT:TaxpayerAccountID>7220</nsSAFT:TaxpayerAccountID>
				<nsSAFT:GroupingCategory/>
				<nsSAFT:GroupingCode/>
				<nsSAFT:AccountType>Bifunctional</nsSAFT:AccountType>
				<nsSAFT:AccountCreationDate>2022-12-31</nsSAFT:AccountCreationDate>
				<nsSAFT:OpeningDebitBalance>0.00</nsSAFT:OpeningDebitBalance>
				<nsSAFT:ClosingDebitBalance>858889.92</nsSAFT:ClosingDebitBalance>
			</nsSAFT:Account>
			<nsSAFT:Account>
				<nsSAFT:AccountID>60101</nsSAFT:AccountID>
				<nsSAFT:AccountDescription>Пок.,  материали - износ</nsSAFT:AccountDescription>
				<nsSAFT:TaxpayerAccountID>7230</nsSAFT:TaxpayerAccountID>
				<nsSAFT:GroupingCategory/>
				<nsSAFT:GroupingCode/>
				<nsSAFT:AccountType>Bifunctional</nsSAFT:AccountType>
				<nsSAFT:AccountCreationDate>2022-12-31</nsSAFT:AccountCreationDate>
				<nsSAFT:OpeningDebitBalance>0.00</nsSAFT:OpeningDebitBalance>
				<nsSAFT:ClosingDebitBalance>1025848.74</nsSAFT:ClosingDebitBalance>
			</nsSAFT:Account>
			<nsSAFT:Account>
				<nsSAFT:AccountID>60101</nsSAFT:AccountID>
				<nsSAFT:AccountDescription>Пол. оп.,  материали</nsSAFT:AccountDescription>
				<nsSAFT:TaxpayerAccountID>7240</nsSAFT:TaxpayerAccountID>
				<nsSAFT:GroupingCategory/>
				<nsSAFT:GroupingCode/>
				<nsSAFT:AccountType>Bifunctional</nsSAFT:AccountType>
				<nsSAFT:AccountCreationDate>2022-12-31</nsSAFT:AccountCreationDate>
				<nsSAFT:OpeningCreditBalance>0.00</nsSAFT:OpeningCreditBalance>
				<nsSAFT:ClosingCreditBalance>49412.46</nsSAFT:ClosingCreditBalance>
			</nsSAFT:Account>
			<nsSAFT:Account>
				<nsSAFT:AccountID>60101</nsSAFT:AccountID>
				<nsSAFT:AccountDescription>Разх. дост.,  материали</nsSAFT:AccountDescription>
				<nsSAFT:TaxpayerAccountID>7250</nsSAFT:TaxpayerAccountID>
				<nsSAFT:GroupingCategory/>
				<nsSAFT:GroupingCode/>
				<nsSAFT:AccountType>Bifunctional</nsSAFT:AccountType>
				<nsSAFT:AccountCreationDate>2022-12-31</nsSAFT:AccountCreationDate>
				<nsSAFT:OpeningDebitBalance>0.00</nsSAFT:OpeningDebitBalance>
				<nsSAFT:ClosingDebitBalance>4111.30</nsSAFT:ClosingDebitBalance>
			</nsSAFT:Account>
			<nsSAFT:Account>
				<nsSAFT:AccountID>60101</nsSAFT:AccountID>
				<nsSAFT:AccountDescription>Кор. инв,. материали</nsSAFT:AccountDescription>
				<nsSAFT:TaxpayerAccountID>7270</nsSAFT:TaxpayerAccountID>
				<nsSAFT:GroupingCategory/>
				<nsSAFT:GroupingCode/>
				<nsSAFT:AccountType>Bifunctional</nsSAFT:AccountType>
				<nsSAFT:AccountCreationDate>2022-12-31</nsSAFT:AccountCreationDate>
				<nsSAFT:OpeningDebitBalance>0.00</nsSAFT:OpeningDebitBalance>
				<nsSAFT:ClosingDebitBalance>0.00</nsSAFT:ClosingDebitBalance>
			</nsSAFT:Account>
			<nsSAFT:Account>
				<nsSAFT:AccountID>60212</nsSAFT:AccountID>
				<nsSAFT:AccountDescription>Почистване</nsSAFT:AccountDescription>
				<nsSAFT:TaxpayerAccountID>8110</nsSAFT:TaxpayerAccountID>
				<nsSAFT:GroupingCategory/>
				<nsSAFT:GroupingCode/>
				<nsSAFT:AccountType>Bifunctional</nsSAFT:AccountType>
				<nsSAFT:AccountCreationDate>2022-12-31</nsSAFT:AccountCreationDate>
				<nsSAFT:OpeningDebitBalance>0.00</nsSAFT:OpeningDebitBalance>
				<nsSAFT:ClosingDebitBalance>83830.25</nsSAFT:ClosingDebitBalance>
			</nsSAFT:Account>
			<nsSAFT:Account>
				<nsSAFT:AccountID>60102</nsSAFT:AccountID>
				<nsSAFT:AccountDescription>Електричество и отопление</nsSAFT:AccountDescription>
				<nsSAFT:TaxpayerAccountID>8120</nsSAFT:TaxpayerAccountID>
				<nsSAFT:GroupingCategory/>
				<nsSAFT:GroupingCode/>
				<nsSAFT:AccountType>Bifunctional</nsSAFT:AccountType>
				<nsSAFT:AccountCreationDate>2022-12-31</nsSAFT:AccountCreationDate>
				<nsSAFT:OpeningDebitBalance>0.00</nsSAFT:OpeningDebitBalance>
				<nsSAFT:ClosingDebitBalance>112004.53</nsSAFT:ClosingDebitBalance>
			</nsSAFT:Account>
			<nsSAFT:Account>
				<nsSAFT:AccountID>60211</nsSAFT:AccountID>
				<nsSAFT:AccountDescription>Ремонт и поддръжка</nsSAFT:AccountDescription>
				<nsSAFT:TaxpayerAccountID>8130</nsSAFT:TaxpayerAccountID>
				<nsSAFT:GroupingCategory/>
				<nsSAFT:GroupingCode/>
				<nsSAFT:AccountType>Bifunctional</nsSAFT:AccountType>
				<nsSAFT:AccountCreationDate>2022-12-31</nsSAFT:AccountCreationDate>
				<nsSAFT:OpeningDebitBalance>0.00</nsSAFT:OpeningDebitBalance>
				<nsSAFT:ClosingDebitBalance>739765.47</nsSAFT:ClosingDebitBalance>
			</nsSAFT:Account>
			<nsSAFT:Account>
				<nsSAFT:AccountID>60104</nsSAFT:AccountID>
				<nsSAFT:AccountDescription>Офис консумативи</nsSAFT:AccountDescription>
				<nsSAFT:TaxpayerAccountID>8210</nsSAFT:TaxpayerAccountID>
				<nsSAFT:GroupingCategory/>
				<nsSAFT:GroupingCode/>
				<nsSAFT:AccountType>Bifunctional</nsSAFT:AccountType>
				<nsSAFT:AccountCreationDate>2022-12-31</nsSAFT:AccountCreationDate>
				<nsSAFT:OpeningDebitBalance>0.00</nsSAFT:OpeningDebitBalance>
				<nsSAFT:ClosingDebitBalance>205850.08</nsSAFT:ClosingDebitBalance>
			</nsSAFT:Account>
			<nsSAFT:Account>
				<nsSAFT:AccountID>60207</nsSAFT:AccountID>
				<nsSAFT:AccountDescription>Телефон и факс</nsSAFT:AccountDescription>
				<nsSAFT:TaxpayerAccountID>8230</nsSAFT:TaxpayerAccountID>
				<nsSAFT:GroupingCategory/>
				<nsSAFT:GroupingCode/>
				<nsSAFT:AccountType>Bifunctional</nsSAFT:AccountType>
				<nsSAFT:AccountCreationDate>2022-12-31</nsSAFT:AccountCreationDate>
				<nsSAFT:OpeningDebitBalance>0.00</nsSAFT:OpeningDebitBalance>
				<nsSAFT:ClosingDebitBalance>24040.68</nsSAFT:ClosingDebitBalance>
			</nsSAFT:Account>
			<nsSAFT:Account>
				<nsSAFT:AccountID>60207</nsSAFT:AccountID>
				<nsSAFT:AccountDescription>Пощенски разходи</nsSAFT:AccountDescription>
				<nsSAFT:TaxpayerAccountID>8240</nsSAFT:TaxpayerAccountID>
				<nsSAFT:GroupingCategory/>
				<nsSAFT:GroupingCode/>
				<nsSAFT:AccountType>Bifunctional</nsSAFT:AccountType>
				<nsSAFT:AccountCreationDate>2022-12-31</nsSAFT:AccountCreationDate>
				<nsSAFT:OpeningDebitBalance>0.00</nsSAFT:OpeningDebitBalance>
				<nsSAFT:ClosingDebitBalance>12115.62</nsSAFT:ClosingDebitBalance>
			</nsSAFT:Account>
			<nsSAFT:Account>
				<nsSAFT:AccountID>60205</nsSAFT:AccountID>
				<nsSAFT:AccountDescription>Софтуер</nsSAFT:AccountDescription>
				<nsSAFT:TaxpayerAccountID>8310</nsSAFT:TaxpayerAccountID>
				<nsSAFT:GroupingCategory/>
				<nsSAFT:GroupingCode/>
				<nsSAFT:AccountType>Bifunctional</nsSAFT:AccountType>
				<nsSAFT:AccountCreationDate>2022-12-31</nsSAFT:AccountCreationDate>
				<nsSAFT:OpeningDebitBalance>0.00</nsSAFT:OpeningDebitBalance>
				<nsSAFT:ClosingDebitBalance>139749.12</nsSAFT:ClosingDebitBalance>
			</nsSAFT:Account>
			<nsSAFT:Account>
				<nsSAFT:AccountID>60206</nsSAFT:AccountID>
				<nsSAFT:AccountDescription>Консултантски услуги</nsSAFT:AccountDescription>
				<nsSAFT:TaxpayerAccountID>8320</nsSAFT:TaxpayerAccountID>
				<nsSAFT:GroupingCategory/>
				<nsSAFT:GroupingCode/>
				<nsSAFT:AccountType>Bifunctional</nsSAFT:AccountType>
				<nsSAFT:AccountCreationDate>2022-12-31</nsSAFT:AccountCreationDate>
				<nsSAFT:OpeningDebitBalance>0.00</nsSAFT:OpeningDebitBalance>
				<nsSAFT:ClosingDebitBalance>63822.93</nsSAFT:ClosingDebitBalance>
			</nsSAFT:Account>
			<nsSAFT:Account>
				<nsSAFT:AccountID>60205</nsSAFT:AccountID>
				<nsSAFT:AccountDescription>Други компютърни разходи</nsSAFT:AccountDescription>
				<nsSAFT:TaxpayerAccountID>8330</nsSAFT:TaxpayerAccountID>
				<nsSAFT:GroupingCategory/>
				<nsSAFT:GroupingCode/>
				<nsSAFT:AccountType>Bifunctional</nsSAFT:AccountType>
				<nsSAFT:AccountCreationDate>2022-12-31</nsSAFT:AccountCreationDate>
				<nsSAFT:OpeningDebitBalance>0.00</nsSAFT:OpeningDebitBalance>
				<nsSAFT:ClosingDebitBalance>13838.59</nsSAFT:ClosingDebitBalance>
			</nsSAFT:Account>
			<nsSAFT:Account>
				<nsSAFT:AccountID>60210</nsSAFT:AccountID>
				<nsSAFT:AccountDescription>Реклама</nsSAFT:AccountDescription>
				<nsSAFT:TaxpayerAccountID>8410</nsSAFT:TaxpayerAccountID>
				<nsSAFT:GroupingCategory/>
				<nsSAFT:GroupingCode/>
				<nsSAFT:AccountType>Bifunctional</nsSAFT:AccountType>
				<nsSAFT:AccountCreationDate>2022-12-31</nsSAFT:AccountCreationDate>
				<nsSAFT:OpeningDebitBalance>0.00</nsSAFT:OpeningDebitBalance>
				<nsSAFT:ClosingDebitBalance>363775.84</nsSAFT:ClosingDebitBalance>
			</nsSAFT:Account>
			<nsSAFT:Account>
				<nsSAFT:AccountID>60210</nsSAFT:AccountID>
				<nsSAFT:AccountDescription>Забавление и реклама</nsSAFT:AccountDescription>
				<nsSAFT:TaxpayerAccountID>8420</nsSAFT:TaxpayerAccountID>
				<nsSAFT:GroupingCategory/>
				<nsSAFT:GroupingCode/>
				<nsSAFT:AccountType>Bifunctional</nsSAFT:AccountType>
				<nsSAFT:AccountCreationDate>2022-12-31</nsSAFT:AccountCreationDate>
				<nsSAFT:OpeningDebitBalance>0.00</nsSAFT:OpeningDebitBalance>
				<nsSAFT:ClosingDebitBalance>11892.65</nsSAFT:ClosingDebitBalance>
			</nsSAFT:Account>
			<nsSAFT:Account>
				<nsSAFT:AccountID>60901</nsSAFT:AccountID>
				<nsSAFT:AccountDescription>Пътуване</nsSAFT:AccountDescription>
				<nsSAFT:TaxpayerAccountID>8430</nsSAFT:TaxpayerAccountID>
				<nsSAFT:GroupingCategory/>
				<nsSAFT:GroupingCode/>
				<nsSAFT:AccountType>Bifunctional</nsSAFT:AccountType>
				<nsSAFT:AccountCreationDate>2022-12-31</nsSAFT:AccountCreationDate>
				<nsSAFT:OpeningDebitBalance>0.00</nsSAFT:OpeningDebitBalance>
				<nsSAFT:ClosingDebitBalance>100930.05</nsSAFT:ClosingDebitBalance>
			</nsSAFT:Account>
			<nsSAFT:Account>
				<nsSAFT:AccountID>301</nsSAFT:AccountID>
				<nsSAFT:AccountDescription>Разходи за доставка</nsSAFT:AccountDescription>
				<nsSAFT:TaxpayerAccountID>8450</nsSAFT:TaxpayerAccountID>
				<nsSAFT:GroupingCategory/>
				<nsSAFT:GroupingCode/>
				<nsSAFT:AccountType>Bifunctional</nsSAFT:AccountType>
				<nsSAFT:AccountCreationDate>2022-12-31</nsSAFT:AccountCreationDate>
				<nsSAFT:OpeningDebitBalance>0.00</nsSAFT:OpeningDebitBalance>
				<nsSAFT:ClosingDebitBalance>8634.02</nsSAFT:ClosingDebitBalance>
			</nsSAFT:Account>
			<nsSAFT:Account>
				<nsSAFT:AccountID>60102</nsSAFT:AccountID>
				<nsSAFT:AccountDescription>Газ и моторно масло</nsSAFT:AccountDescription>
				<nsSAFT:TaxpayerAccountID>8510</nsSAFT:TaxpayerAccountID>
				<nsSAFT:GroupingCategory/>
				<nsSAFT:GroupingCode/>
				<nsSAFT:AccountType>Bifunctional</nsSAFT:AccountType>
				<nsSAFT:AccountCreationDate>2022-12-31</nsSAFT:AccountCreationDate>
				<nsSAFT:OpeningDebitBalance>0.00</nsSAFT:OpeningDebitBalance>
				<nsSAFT:ClosingDebitBalance>14692.36</nsSAFT:ClosingDebitBalance>
			</nsSAFT:Account>
			<nsSAFT:Account>
				<nsSAFT:AccountID>6065</nsSAFT:AccountID>
				<nsSAFT:AccountDescription>Регистрационни такси</nsSAFT:AccountDescription>
				<nsSAFT:TaxpayerAccountID>8520</nsSAFT:TaxpayerAccountID>
				<nsSAFT:GroupingCategory/>
				<nsSAFT:GroupingCode/>
				<nsSAFT:AccountType>Bifunctional</nsSAFT:AccountType>
				<nsSAFT:AccountCreationDate>2022-12-31</nsSAFT:AccountCreationDate>
				<nsSAFT:OpeningDebitBalance>0.00</nsSAFT:OpeningDebitBalance>
				<nsSAFT:ClosingDebitBalance>4756.98</nsSAFT:ClosingDebitBalance>
			</nsSAFT:Account>
			<nsSAFT:Account>
				<nsSAFT:AccountID>60211</nsSAFT:AccountID>
				<nsSAFT:AccountDescription>Ремонт и поддръжка</nsSAFT:AccountDescription>
				<nsSAFT:TaxpayerAccountID>8530</nsSAFT:TaxpayerAccountID>
				<nsSAFT:GroupingCategory/>
				<nsSAFT:GroupingCode/>
				<nsSAFT:AccountType>Bifunctional</nsSAFT:AccountType>
				<nsSAFT:AccountCreationDate>2022-12-31</nsSAFT:AccountCreationDate>
				<nsSAFT:OpeningDebitBalance>0.00</nsSAFT:OpeningDebitBalance>
				<nsSAFT:ClosingDebitBalance>67316.22</nsSAFT:ClosingDebitBalance>
			</nsSAFT:Account>
			<nsSAFT:Account>
				<nsSAFT:AccountID>60907</nsSAFT:AccountID>
				<nsSAFT:AccountDescription>Кеш разминавания</nsSAFT:AccountDescription>
				<nsSAFT:TaxpayerAccountID>8610</nsSAFT:TaxpayerAccountID>
				<nsSAFT:GroupingCategory/>
				<nsSAFT:GroupingCode/>
				<nsSAFT:AccountType>Bifunctional</nsSAFT:AccountType>
				<nsSAFT:AccountCreationDate>2022-12-31</nsSAFT:AccountCreationDate>
				<nsSAFT:OpeningDebitBalance>0.00</nsSAFT:OpeningDebitBalance>
				<nsSAFT:ClosingDebitBalance>546.15</nsSAFT:ClosingDebitBalance>
			</nsSAFT:Account>
			<nsSAFT:Account>
				<nsSAFT:AccountID>629</nsSAFT:AccountID>
				<nsSAFT:AccountDescription>Разходи по лоши заеми</nsSAFT:AccountDescription>
				<nsSAFT:TaxpayerAccountID>8620</nsSAFT:TaxpayerAccountID>
				<nsSAFT:GroupingCategory/>
				<nsSAFT:GroupingCode/>
				<nsSAFT:AccountType>Bifunctional</nsSAFT:AccountType>
				<nsSAFT:AccountCreationDate>2022-12-31</nsSAFT:AccountCreationDate>
				<nsSAFT:OpeningDebitBalance>0.00</nsSAFT:OpeningDebitBalance>
				<nsSAFT:ClosingDebitBalance>46346.44</nsSAFT:ClosingDebitBalance>
			</nsSAFT:Account>
			<nsSAFT:Account>
				<nsSAFT:AccountID>60206</nsSAFT:AccountID>
				<nsSAFT:AccountDescription>Правни и счетоводни услуги</nsSAFT:AccountDescription>
				<nsSAFT:TaxpayerAccountID>8630</nsSAFT:TaxpayerAccountID>
				<nsSAFT:GroupingCategory/>
				<nsSAFT:GroupingCode/>
				<nsSAFT:AccountType>Bifunctional</nsSAFT:AccountType>
				<nsSAFT:AccountCreationDate>2022-12-31</nsSAFT:AccountCreationDate>
				<nsSAFT:OpeningDebitBalance>0.00</nsSAFT:OpeningDebitBalance>
				<nsSAFT:ClosingDebitBalance>47472.05</nsSAFT:ClosingDebitBalance>
			</nsSAFT:Account>
			<nsSAFT:Account>
				<nsSAFT:AccountID>60907</nsSAFT:AccountID>
				<nsSAFT:AccountDescription>Разни</nsSAFT:AccountDescription>
				<nsSAFT:TaxpayerAccountID>8640</nsSAFT:TaxpayerAccountID>
				<nsSAFT:GroupingCategory/>
				<nsSAFT:GroupingCode/>
				<nsSAFT:AccountType>Bifunctional</nsSAFT:AccountType>
				<nsSAFT:AccountCreationDate>2022-12-31</nsSAFT:AccountCreationDate>
				<nsSAFT:OpeningDebitBalance>0.00</nsSAFT:OpeningDebitBalance>
				<nsSAFT:ClosingDebitBalance>85758.76</nsSAFT:ClosingDebitBalance>
			</nsSAFT:Account>
			<nsSAFT:Account>
				<nsSAFT:AccountID>604</nsSAFT:AccountID>
				<nsSAFT:AccountDescription>Заплати</nsSAFT:AccountDescription>
				<nsSAFT:TaxpayerAccountID>8710</nsSAFT:TaxpayerAccountID>
				<nsSAFT:GroupingCategory/>
				<nsSAFT:GroupingCode/>
				<nsSAFT:AccountType>Bifunctional</nsSAFT:AccountType>
				<nsSAFT:AccountCreationDate>2022-12-31</nsSAFT:AccountCreationDate>
				<nsSAFT:OpeningDebitBalance>0.00</nsSAFT:OpeningDebitBalance>
				<nsSAFT:ClosingDebitBalance>4229714.71</nsSAFT:ClosingDebitBalance>
			</nsSAFT:Account>
			<nsSAFT:Account>
				<nsSAFT:AccountID>604</nsSAFT:AccountID>
				<nsSAFT:AccountDescription>Заплати</nsSAFT:AccountDescription>
				<nsSAFT:TaxpayerAccountID>8720</nsSAFT:TaxpayerAccountID>
				<nsSAFT:GroupingCategory/>
				<nsSAFT:GroupingCode/>
				<nsSAFT:AccountType>Bifunctional</nsSAFT:AccountType>
				<nsSAFT:AccountCreationDate>2022-12-31</nsSAFT:AccountCreationDate>
				<nsSAFT:OpeningDebitBalance>0.00</nsSAFT:OpeningDebitBalance>
				<nsSAFT:ClosingDebitBalance>1207174.65</nsSAFT:ClosingDebitBalance>
			</nsSAFT:Account>
			<nsSAFT:Account>
				<nsSAFT:AccountID>605</nsSAFT:AccountID>
				<nsSAFT:AccountDescription>Разх по план за пенсион.</nsSAFT:AccountDescription>
				<nsSAFT:TaxpayerAccountID>8730</nsSAFT:TaxpayerAccountID>
				<nsSAFT:GroupingCategory/>
				<nsSAFT:GroupingCode/>
				<nsSAFT:AccountType>Bifunctional</nsSAFT:AccountType>
				<nsSAFT:AccountCreationDate>2022-12-31</nsSAFT:AccountCreationDate>
				<nsSAFT:OpeningDebitBalance>0.00</nsSAFT:OpeningDebitBalance>
				<nsSAFT:ClosingDebitBalance>24165.49</nsSAFT:ClosingDebitBalance>
			</nsSAFT:Account>
			<nsSAFT:Account>
				<nsSAFT:AccountID>605</nsSAFT:AccountID>
				<nsSAFT:AccountDescription>Компенсация с ваканция</nsSAFT:AccountDescription>
				<nsSAFT:TaxpayerAccountID>8740</nsSAFT:TaxpayerAccountID>
				<nsSAFT:GroupingCategory/>
				<nsSAFT:GroupingCode/>
				<nsSAFT:AccountType>Bifunctional</nsSAFT:AccountType>
				<nsSAFT:AccountCreationDate>2022-12-31</nsSAFT:AccountCreationDate>
				<nsSAFT:OpeningDebitBalance>0.00</nsSAFT:OpeningDebitBalance>
				<nsSAFT:ClosingDebitBalance>593779.52</nsSAFT:ClosingDebitBalance>
			</nsSAFT:Account>
			<nsSAFT:Account>
				<nsSAFT:AccountID>461</nsSAFT:AccountID>
				<nsSAFT:AccountDescription>Данъци за заплати</nsSAFT:AccountDescription>
				<nsSAFT:TaxpayerAccountID>8750</nsSAFT:TaxpayerAccountID>
				<nsSAFT:GroupingCategory/>
				<nsSAFT:GroupingCode/>
				<nsSAFT:AccountType>Bifunctional</nsSAFT:AccountType>
				<nsSAFT:AccountCreationDate>2022-12-31</nsSAFT:AccountCreationDate>
				<nsSAFT:OpeningDebitBalance>0.00</nsSAFT:OpeningDebitBalance>
				<nsSAFT:ClosingDebitBalance>110079.95</nsSAFT:ClosingDebitBalance>
			</nsSAFT:Account>
			<nsSAFT:Account>
				<nsSAFT:AccountID>603</nsSAFT:AccountID>
				<nsSAFT:AccountDescription>Аморт., сгради</nsSAFT:AccountDescription>
				<nsSAFT:TaxpayerAccountID>8810</nsSAFT:TaxpayerAccountID>
				<nsSAFT:GroupingCategory/>
				<nsSAFT:GroupingCode/>
				<nsSAFT:AccountType>Bifunctional</nsSAFT:AccountType>
				<nsSAFT:AccountCreationDate>2022-12-31</nsSAFT:AccountCreationDate>
				<nsSAFT:OpeningDebitBalance>0.00</nsSAFT:OpeningDebitBalance>
				<nsSAFT:ClosingDebitBalance>389554.28</nsSAFT:ClosingDebitBalance>
			</nsSAFT:Account>
			<nsSAFT:Account>
				<nsSAFT:AccountID>603</nsSAFT:AccountID>
				<nsSAFT:AccountDescription>Аморт., оборудване</nsSAFT:AccountDescription>
				<nsSAFT:TaxpayerAccountID>8820</nsSAFT:TaxpayerAccountID>
				<nsSAFT:GroupingCategory/>
				<nsSAFT:GroupingCode/>
				<nsSAFT:AccountType>Bifunctional</nsSAFT:AccountType>
				<nsSAFT:AccountCreationDate>2022-12-31</nsSAFT:AccountCreationDate>
				<nsSAFT:OpeningDebitBalance>0.00</nsSAFT:OpeningDebitBalance>
				<nsSAFT:ClosingDebitBalance>460557.19</nsSAFT:ClosingDebitBalance>
			</nsSAFT:Account>
			<nsSAFT:Account>
				<nsSAFT:AccountID>603</nsSAFT:AccountID>
				<nsSAFT:AccountDescription>Аморт., автомобили</nsSAFT:AccountDescription>
				<nsSAFT:TaxpayerAccountID>8830</nsSAFT:TaxpayerAccountID>
				<nsSAFT:GroupingCategory/>
				<nsSAFT:GroupingCode/>
				<nsSAFT:AccountType>Bifunctional</nsSAFT:AccountType>
				<nsSAFT:AccountCreationDate>2022-12-31</nsSAFT:AccountCreationDate>
				<nsSAFT:OpeningDebitBalance>0.00</nsSAFT:OpeningDebitBalance>
				<nsSAFT:ClosingDebitBalance>108778.22</nsSAFT:ClosingDebitBalance>
			</nsSAFT:Account>
			<nsSAFT:Account>
				<nsSAFT:AccountID>709</nsSAFT:AccountID>
				<nsSAFT:AccountDescription>Други себестойности операции</nsSAFT:AccountDescription>
				<nsSAFT:TaxpayerAccountID>8910</nsSAFT:TaxpayerAccountID>
				<nsSAFT:GroupingCategory/>
				<nsSAFT:GroupingCode/>
				<nsSAFT:AccountType>Bifunctional</nsSAFT:AccountType>
				<nsSAFT:AccountCreationDate>2022-12-31</nsSAFT:AccountCreationDate>
				<nsSAFT:OpeningDebitBalance>0.00</nsSAFT:OpeningDebitBalance>
				<nsSAFT:ClosingDebitBalance>7539.63</nsSAFT:ClosingDebitBalance>
			</nsSAFT:Account>
			<nsSAFT:Account>
				<nsSAFT:AccountID>621</nsSAFT:AccountID>
				<nsSAFT:AccountDescription>Лихва по банкови салда</nsSAFT:AccountDescription>
				<nsSAFT:TaxpayerAccountID>9110</nsSAFT:TaxpayerAccountID>
				<nsSAFT:GroupingCategory/>
				<nsSAFT:GroupingCode/>
				<nsSAFT:AccountType>Bifunctional</nsSAFT:AccountType>
				<nsSAFT:AccountCreationDate>2022-12-31</nsSAFT:AccountCreationDate>
				<nsSAFT:OpeningCreditBalance>0.00</nsSAFT:OpeningCreditBalance>
				<nsSAFT:ClosingCreditBalance>6003.27</nsSAFT:ClosingCreditBalance>
			</nsSAFT:Account>
			<nsSAFT:Account>
				<nsSAFT:AccountID>621</nsSAFT:AccountID>
				<nsSAFT:AccountDescription>Лихва за револвиращ кредит</nsSAFT:AccountDescription>
				<nsSAFT:TaxpayerAccountID>9210</nsSAFT:TaxpayerAccountID>
				<nsSAFT:GroupingCategory/>
				<nsSAFT:GroupingCode/>
				<nsSAFT:AccountType>Bifunctional</nsSAFT:AccountType>
				<nsSAFT:AccountCreationDate>2022-12-31</nsSAFT:AccountCreationDate>
				<nsSAFT:OpeningDebitBalance>0.00</nsSAFT:OpeningDebitBalance>
				<nsSAFT:ClosingDebitBalance>149157.98</nsSAFT:ClosingDebitBalance>
			</nsSAFT:Account>
			<nsSAFT:Account>
				<nsSAFT:AccountID>621</nsSAFT:AccountID>
				<nsSAFT:AccountDescription>Лихва за банкови заеми</nsSAFT:AccountDescription>
				<nsSAFT:TaxpayerAccountID>9220</nsSAFT:TaxpayerAccountID>
				<nsSAFT:GroupingCategory/>
				<nsSAFT:GroupingCode/>
				<nsSAFT:AccountType>Bifunctional</nsSAFT:AccountType>
				<nsSAFT:AccountCreationDate>2022-12-31</nsSAFT:AccountCreationDate>
				<nsSAFT:OpeningDebitBalance>0.00</nsSAFT:OpeningDebitBalance>
				<nsSAFT:ClosingDebitBalance>9561.69</nsSAFT:ClosingDebitBalance>
			</nsSAFT:Account>
			<nsSAFT:Account>
				<nsSAFT:AccountID>621</nsSAFT:AccountID>
				<nsSAFT:AccountDescription>Лихва за ипотека</nsSAFT:AccountDescription>
				<nsSAFT:TaxpayerAccountID>9230</nsSAFT:TaxpayerAccountID>
				<nsSAFT:GroupingCategory/>
				<nsSAFT:GroupingCode/>
				<nsSAFT:AccountType>Bifunctional</nsSAFT:AccountType>
				<nsSAFT:AccountCreationDate>2022-12-31</nsSAFT:AccountCreationDate>
				<nsSAFT:OpeningDebitBalance>0.00</nsSAFT:OpeningDebitBalance>
				<nsSAFT:ClosingDebitBalance>240167.23</nsSAFT:ClosingDebitBalance>
			</nsSAFT:Account>
			<nsSAFT:Account>
				<nsSAFT:AccountID>496</nsSAFT:AccountID>
				<nsSAFT:AccountDescription>Начислени лихви дост.</nsSAFT:AccountDescription>
				<nsSAFT:TaxpayerAccountID>9240</nsSAFT:TaxpayerAccountID>
				<nsSAFT:GroupingCategory/>
				<nsSAFT:GroupingCode/>
				<nsSAFT:AccountType>Bifunctional</nsSAFT:AccountType>
				<nsSAFT:AccountCreationDate>2022-12-31</nsSAFT:AccountCreationDate>
				<nsSAFT:OpeningDebitBalance>0.00</nsSAFT:OpeningDebitBalance>
				<nsSAFT:ClosingDebitBalance>272135.55</nsSAFT:ClosingDebitBalance>
			</nsSAFT:Account>
			<nsSAFT:Account>
				<nsSAFT:AccountID>729</nsSAFT:AccountID>
				<nsSAFT:AccountDescription>Пред. отст. за плащ.</nsSAFT:AccountDescription>
				<nsSAFT:TaxpayerAccountID>9250</nsSAFT:TaxpayerAccountID>
				<nsSAFT:GroupingCategory/>
				<nsSAFT:GroupingCode/>
				<nsSAFT:AccountType>Bifunctional</nsSAFT:AccountType>
				<nsSAFT:AccountCreationDate>2022-12-31</nsSAFT:AccountCreationDate>
				<nsSAFT:OpeningDebitBalance>0.00</nsSAFT:OpeningDebitBalance>
				<nsSAFT:ClosingDebitBalance>8650.91</nsSAFT:ClosingDebitBalance>
			</nsSAFT:Account>
			<nsSAFT:Account>
				<nsSAFT:AccountID>724</nsSAFT:AccountID>
				<nsSAFT:AccountDescription>Приходи от вал. операции</nsSAFT:AccountDescription>
				<nsSAFT:TaxpayerAccountID>9310</nsSAFT:TaxpayerAccountID>
				<nsSAFT:GroupingCategory/>
				<nsSAFT:GroupingCode/>
				<nsSAFT:AccountType>Bifunctional</nsSAFT:AccountType>
				<nsSAFT:AccountCreationDate>2022-12-31</nsSAFT:AccountCreationDate>
				<nsSAFT:OpeningCreditBalance>0.00</nsSAFT:OpeningCreditBalance>
				<nsSAFT:ClosingCreditBalance>0</nsSAFT:ClosingCreditBalance>
			</nsSAFT:Account>
			<nsSAFT:Account>
				<nsSAFT:AccountID>624</nsSAFT:AccountID>
				<nsSAFT:AccountDescription>Разходи от вал. операции</nsSAFT:AccountDescription>
				<nsSAFT:TaxpayerAccountID>9320</nsSAFT:TaxpayerAccountID>
				<nsSAFT:GroupingCategory/>
				<nsSAFT:GroupingCode/>
				<nsSAFT:AccountType>Bifunctional</nsSAFT:AccountType>
				<nsSAFT:AccountCreationDate>2022-12-31</nsSAFT:AccountCreationDate>
				<nsSAFT:OpeningDebitBalance>0.00</nsSAFT:OpeningDebitBalance>
				<nsSAFT:ClosingDebitBalance>4757.43</nsSAFT:ClosingDebitBalance>
			</nsSAFT:Account>
			<nsSAFT:Account>
				<nsSAFT:AccountID>699</nsSAFT:AccountID>
				<nsSAFT:AccountDescription>Изв. разходи</nsSAFT:AccountDescription>
				<nsSAFT:TaxpayerAccountID>9420</nsSAFT:TaxpayerAccountID>
				<nsSAFT:GroupingCategory/>
				<nsSAFT:GroupingCode/>
				<nsSAFT:AccountType>Bifunctional</nsSAFT:AccountType>
				<nsSAFT:AccountCreationDate>2022-12-31</nsSAFT:AccountCreationDate>
				<nsSAFT:OpeningDebitBalance>0.00</nsSAFT:OpeningDebitBalance>
				<nsSAFT:ClosingDebitBalance>2416.56</nsSAFT:ClosingDebitBalance>
			</nsSAFT:Account>
			<nsSAFT:Account>
				<nsSAFT:AccountID>4521</nsSAFT:AccountID>
				<nsSAFT:AccountDescription>Корпоративен данък</nsSAFT:AccountDescription>
				<nsSAFT:TaxpayerAccountID>9510</nsSAFT:TaxpayerAccountID>
				<nsSAFT:GroupingCategory/>
				<nsSAFT:GroupingCode/>
				<nsSAFT:AccountType>Bifunctional</nsSAFT:AccountType>
				<nsSAFT:AccountCreationDate>2022-12-31</nsSAFT:AccountCreationDate>
				<nsSAFT:OpeningDebitBalance>0.00</nsSAFT:OpeningDebitBalance>
				<nsSAFT:ClosingDebitBalance>176990.50</nsSAFT:ClosingDebitBalance>
			</nsSAFT:Account>
		</nsSAFT:GeneralLedgerAccounts>
		<nsSAFT:Taxonomies>
			<nsSAFT:Taxonomy>
				<nsSAFT:TaxonomyReference>Приходни центрове</nsSAFT:TaxonomyReference>
				<nsSAFT:TaxonomyElement>
					<nsSAFT:TaxonomyCode/>
					<nsSAFT:AccountID>402</nsSAFT:AccountID>
				</nsSAFT:TaxonomyElement>
			</nsSAFT:Taxonomy>
		</nsSAFT:Taxonomies>
		<nsSAFT:Customers>
			<nsSAFT:Customer>
				<nsSAFT:CompanyStructure>
					<nsSAFT:RegistrationNumber>00733495789</nsSAFT:RegistrationNumber>
					<nsSAFT:NameLatin>Venture Company</nsSAFT:NameLatin>
					<nsSAFT:Address>
						<nsSAFT:StreetName>ул. Едно</nsSAFT:StreetName>
						<nsSAFT:Number>1</nsSAFT:Number>
						<nsSAFT:AdditionalAddressDetail/>
						<nsSAFT:Building/>
						<nsSAFT:City>Sofia</nsSAFT:City>
						<nsSAFT:PostalCode>1000</nsSAFT:PostalCode>
						<nsSAFT:Region/>
						<nsSAFT:Country>BG</nsSAFT:Country>
						<nsSAFT:AddressType>StreetAddress</nsSAFT:AddressType>
					</nsSAFT:Address>
					<nsSAFT:Contact>
						<nsSAFT:ContactPerson>
							<nsSAFT:Title>Title4</nsSAFT:Title>
							<nsSAFT:FirstName>FirstName4</nsSAFT:FirstName>
							<nsSAFT:Initials>Initials4</nsSAFT:Initials>
							<nsSAFT:LastNamePrefix>LastNamePrefix4</nsSAFT:LastNamePrefix>
							<nsSAFT:LastName>LastName4</nsSAFT:LastName>
							<nsSAFT:BirthName>BirthName4</nsSAFT:BirthName>
							<nsSAFT:Salutation>Salutation4</nsSAFT:Salutation>
							<nsSAFT:OtherTitles>OtherTitles10</nsSAFT:OtherTitles>
						</nsSAFT:ContactPerson>
						<nsSAFT:Telephone>0888123456</nsSAFT:Telephone>
						<nsSAFT:Fax/>
						<nsSAFT:Email>test@company.domain</nsSAFT:Email>
						<nsSAFT:Website>http://uri1</nsSAFT:Website>
					</nsSAFT:Contact>
					<nsSAFT:TaxRegistration>
						<nsSAFT:TaxRegistrationNumber>733495789</nsSAFT:TaxRegistrationNumber>
						<nsSAFT:TaxType>100010</nsSAFT:TaxType>
						<nsSAFT:TaxNumber>BG733495789</nsSAFT:TaxNumber>
						<nsSAFT:TaxAuthority>NRA</nsSAFT:TaxAuthority>
						<nsSAFT:TaxVerificationDate>2020-01-01</nsSAFT:TaxVerificationDate>
					</nsSAFT:TaxRegistration>
					 <nsSAFT:BankAccount>
					  <nsSAFT:IBANNumber>HHHHHHH</nsSAFT:IBANNumber> 
						 <!-- <nsSAFT:AccountNumber>IBANNumber1</nsSAFT:AccountNumber> 
						<nsSAFT:SortCode>IBANNumber1</nsSAFT:SortCode> -->
					</nsSAFT:BankAccount>
					<nsSAFT:RelatedParty>N</nsSAFT:RelatedParty>
					<nsSAFT:RelatedPartyStartDate>1900-01-01</nsSAFT:RelatedPartyStartDate>
					<nsSAFT:RelatedPartyEndDate>1900-01-01</nsSAFT:RelatedPartyEndDate>
				</nsSAFT:CompanyStructure>
				<nsSAFT:CustomerID>00733495789</nsSAFT:CustomerID>
				<nsSAFT:SelfBillingIndicator>Y</nsSAFT:SelfBillingIndicator>
				<nsSAFT:AccountID>103</nsSAFT:AccountID>
				<nsSAFT:OpeningDebitBalance>0.00</nsSAFT:OpeningDebitBalance>
				<nsSAFT:ClosingDebitBalance>0.00</nsSAFT:ClosingDebitBalance>
			</nsSAFT:Customer>
			<nsSAFT:Customer>
				<nsSAFT:CompanyStructure>
					<nsSAFT:RegistrationNumber>00533435789</nsSAFT:RegistrationNumber>
					<nsSAFT:Name>Застрахователно дружество ОК</nsSAFT:Name>
					<nsSAFT:Address>
						<nsSAFT:StreetName>ул. Две</nsSAFT:StreetName>
						<nsSAFT:Number>2</nsSAFT:Number>
						<nsSAFT:AdditionalAddressDetail/>
						<nsSAFT:Building/>
						<nsSAFT:City>Stara Zagora</nsSAFT:City>
						<nsSAFT:PostalCode>6000</nsSAFT:PostalCode>
						<nsSAFT:Region/>
						<nsSAFT:Country>BG</nsSAFT:Country>
						<nsSAFT:AddressType>StreetAddress</nsSAFT:AddressType>
					</nsSAFT:Address>
					<nsSAFT:Contact>
						<nsSAFT:ContactPerson>
							<nsSAFT:Title>Title7</nsSAFT:Title>
							<nsSAFT:FirstName>FirstName7</nsSAFT:FirstName>
							<nsSAFT:Initials>Initials7</nsSAFT:Initials>
							<nsSAFT:LastNamePrefix>LastNamePrefix7</nsSAFT:LastNamePrefix>
							<nsSAFT:LastName>LastName7</nsSAFT:LastName>
							<nsSAFT:BirthName>BirthName7</nsSAFT:BirthName>
							<nsSAFT:Salutation>Salutation7</nsSAFT:Salutation>
							<nsSAFT:OtherTitles>OtherTitles19</nsSAFT:OtherTitles>
						</nsSAFT:ContactPerson>
						<nsSAFT:Telephone>Telephone4</nsSAFT:Telephone>
						<nsSAFT:Fax>Fax4</nsSAFT:Fax>
						<nsSAFT:Email>Email4</nsSAFT:Email>
						<nsSAFT:Website>http://uri4</nsSAFT:Website>
					</nsSAFT:Contact>
					<nsSAFT:TaxRegistration>
						<nsSAFT:TaxRegistrationNumber>533435789</nsSAFT:TaxRegistrationNumber>
						<nsSAFT:TaxType>100010</nsSAFT:TaxType>
						<nsSAFT:TaxNumber>BG533435789</nsSAFT:TaxNumber>
						<nsSAFT:TaxAuthority>NRA</nsSAFT:TaxAuthority>
						<nsSAFT:TaxVerificationDate>2019-01-01</nsSAFT:TaxVerificationDate>
					</nsSAFT:TaxRegistration>
					<nsSAFT:BankAccount>
						<nsSAFT:IBANNumber>IBANNumber4</nsSAFT:IBANNumber>
					</nsSAFT:BankAccount>
					<nsSAFT:RelatedParty>N</nsSAFT:RelatedParty>
					<nsSAFT:RelatedPartyStartDate>1900-01-01</nsSAFT:RelatedPartyStartDate>
					<nsSAFT:RelatedPartyEndDate>1900-01-01</nsSAFT:RelatedPartyEndDate>
				</nsSAFT:CompanyStructure>
				<nsSAFT:CustomerID>00533435789</nsSAFT:CustomerID>
				<nsSAFT:SelfBillingIndicator>Y</nsSAFT:SelfBillingIndicator>
				<nsSAFT:AccountID>411</nsSAFT:AccountID>
				<nsSAFT:OpeningDebitBalance>0.00</nsSAFT:OpeningDebitBalance>
				<nsSAFT:ClosingDebitBalance>2613.60</nsSAFT:ClosingDebitBalance>
			</nsSAFT:Customer>
		</nsSAFT:Customers>
		<nsSAFT:Suppliers>
			<nsSAFT:Supplier>
				<nsSAFT:CompanyStructure>
					<nsSAFT:RegistrationNumber>00295267495</nsSAFT:RegistrationNumber>
					<nsSAFT:Name>Сервизи Ком</nsSAFT:Name>
					<nsSAFT:Address>
						<nsSAFT:StreetName>ул. Тест</nsSAFT:StreetName>
						<nsSAFT:Number>2</nsSAFT:Number>
						<nsSAFT:AdditionalAddressDetail/>
						<nsSAFT:Building/>
						<nsSAFT:City>София</nsSAFT:City>
						<nsSAFT:PostalCode>1000</nsSAFT:PostalCode>
						<nsSAFT:Region>BG-22</nsSAFT:Region>
						<nsSAFT:Country>BG</nsSAFT:Country>
						<nsSAFT:AddressType>StreetAddress</nsSAFT:AddressType>
					</nsSAFT:Address>
					<nsSAFT:Contact>
						<nsSAFT:ContactPerson>
							<nsSAFT:Title>Title13</nsSAFT:Title>
							<nsSAFT:FirstName>FirstName13</nsSAFT:FirstName>
							<nsSAFT:Initials>Initials13</nsSAFT:Initials>
							<nsSAFT:LastNamePrefix>LastNamePrefix13</nsSAFT:LastNamePrefix>
							<nsSAFT:LastName>LastName13</nsSAFT:LastName>
							<nsSAFT:BirthName>BirthName13</nsSAFT:BirthName>
							<nsSAFT:Salutation>Salutation13</nsSAFT:Salutation>
							<nsSAFT:OtherTitles>OtherTitles37</nsSAFT:OtherTitles>
							<nsSAFT:OtherTitles>OtherTitles38</nsSAFT:OtherTitles>
							<nsSAFT:OtherTitles>OtherTitles39</nsSAFT:OtherTitles>
						</nsSAFT:ContactPerson>
						<nsSAFT:Telephone>Telephone10</nsSAFT:Telephone>
						<nsSAFT:Fax>Fax10</nsSAFT:Fax>
						<nsSAFT:Email>Email10</nsSAFT:Email>
						<nsSAFT:Website>http://uri10</nsSAFT:Website>
					</nsSAFT:Contact>
					<nsSAFT:TaxRegistration>
						<nsSAFT:TaxRegistrationNumber>295267495</nsSAFT:TaxRegistrationNumber>
						<nsSAFT:TaxType>100010</nsSAFT:TaxType>
						<nsSAFT:TaxNumber>BG295267495</nsSAFT:TaxNumber>
						<nsSAFT:TaxAuthority>NRA</nsSAFT:TaxAuthority>
						<nsSAFT:TaxVerificationDate>0001-03-06</nsSAFT:TaxVerificationDate>
					</nsSAFT:TaxRegistration>
					<nsSAFT:BankAccount>
						<nsSAFT:IBANNumber>IBANNumber10</nsSAFT:IBANNumber>
					</nsSAFT:BankAccount>
					<nsSAFT:RelatedParty>N</nsSAFT:RelatedParty>
					<nsSAFT:RelatedPartyStartDate>1900-01-01</nsSAFT:RelatedPartyStartDate>
					<nsSAFT:RelatedPartyEndDate>1900-01-01</nsSAFT:RelatedPartyEndDate>
				</nsSAFT:CompanyStructure>
				<nsSAFT:SupplierID>00295267495</nsSAFT:SupplierID>
				<nsSAFT:SelfBillingIndicator>Y</nsSAFT:SelfBillingIndicator>
				<nsSAFT:AccountID>401</nsSAFT:AccountID>
				<nsSAFT:OpeningCreditBalance>0.00</nsSAFT:OpeningCreditBalance>
				<nsSAFT:ClosingCreditBalance>2500.00</nsSAFT:ClosingCreditBalance>
			</nsSAFT:Supplier>
			<nsSAFT:Supplier>
				<nsSAFT:CompanyStructure>
					<nsSAFT:RegistrationNumber>RegistrationNumber2</nsSAFT:RegistrationNumber>
					<nsSAFT:Name>Name2</nsSAFT:Name>
					<nsSAFT:Address>
						<nsSAFT:StreetName>StreetName13</nsSAFT:StreetName>
						<nsSAFT:Number>Number13</nsSAFT:Number>
						<nsSAFT:AdditionalAddressDetail>AdditionalAddressDetail13</nsSAFT:AdditionalAddressDetail>
						<nsSAFT:Building>Building13</nsSAFT:Building>
						<nsSAFT:City>City13</nsSAFT:City>
						<nsSAFT:PostalCode>PostalCode13</nsSAFT:PostalCode>
						<nsSAFT:Region>Region13</nsSAFT:Region>
						<nsSAFT:Country>13</nsSAFT:Country>
						<nsSAFT:AddressType>BillingAddress</nsSAFT:AddressType>
					</nsSAFT:Address>
					<nsSAFT:Address>
						<nsSAFT:StreetName>StreetName14</nsSAFT:StreetName>
						<nsSAFT:Number>Number14</nsSAFT:Number>
						<nsSAFT:AdditionalAddressDetail>AdditionalAddressDetail14</nsSAFT:AdditionalAddressDetail>
						<nsSAFT:Building>Building14</nsSAFT:Building>
						<nsSAFT:City>City14</nsSAFT:City>
						<nsSAFT:PostalCode>PostalCode14</nsSAFT:PostalCode>
						<nsSAFT:Region>Region14</nsSAFT:Region>
						<nsSAFT:Country>14</nsSAFT:Country>
						<nsSAFT:AddressType>ShipToAddress</nsSAFT:AddressType>
					</nsSAFT:Address>
					<nsSAFT:Address>
						<nsSAFT:StreetName>StreetName15</nsSAFT:StreetName>
						<nsSAFT:Number>Number15</nsSAFT:Number>
						<nsSAFT:AdditionalAddressDetail>AdditionalAddressDetail15</nsSAFT:AdditionalAddressDetail>
						<nsSAFT:Building>Building15</nsSAFT:Building>
						<nsSAFT:City>City15</nsSAFT:City>
						<nsSAFT:PostalCode>PostalCode15</nsSAFT:PostalCode>
						<nsSAFT:Region>Region15</nsSAFT:Region>
						<nsSAFT:Country>15</nsSAFT:Country>
						<nsSAFT:AddressType>ShipFromAddress</nsSAFT:AddressType>
					</nsSAFT:Address>
					<nsSAFT:Contact>
						<nsSAFT:ContactPerson>
							<nsSAFT:Title>Title16</nsSAFT:Title>
							<nsSAFT:FirstName>FirstName16</nsSAFT:FirstName>
							<nsSAFT:Initials>Initials16</nsSAFT:Initials>
							<nsSAFT:LastNamePrefix>LastNamePrefix16</nsSAFT:LastNamePrefix>
							<nsSAFT:LastName>LastName16</nsSAFT:LastName>
							<nsSAFT:BirthName>BirthName16</nsSAFT:BirthName>
							<nsSAFT:Salutation>Salutation16</nsSAFT:Salutation>
							<nsSAFT:OtherTitles>OtherTitles46</nsSAFT:OtherTitles>
							<nsSAFT:OtherTitles>OtherTitles47</nsSAFT:OtherTitles>
							<nsSAFT:OtherTitles>OtherTitles48</nsSAFT:OtherTitles>
						</nsSAFT:ContactPerson>
						<nsSAFT:Telephone>Telephone13</nsSAFT:Telephone>
						<nsSAFT:Fax>Fax13</nsSAFT:Fax>
						<nsSAFT:Email>Email13</nsSAFT:Email>
						<nsSAFT:Website>http://uri13</nsSAFT:Website>
					</nsSAFT:Contact>
					<nsSAFT:Contact>
						<nsSAFT:ContactPerson>
							<nsSAFT:Title>Title17</nsSAFT:Title>
							<nsSAFT:FirstName>FirstName17</nsSAFT:FirstName>
							<nsSAFT:Initials>Initials17</nsSAFT:Initials>
							<nsSAFT:LastNamePrefix>LastNamePrefix17</nsSAFT:LastNamePrefix>
							<nsSAFT:LastName>LastName17</nsSAFT:LastName>
							<nsSAFT:BirthName>BirthName17</nsSAFT:BirthName>
							<nsSAFT:Salutation>Salutation17</nsSAFT:Salutation>
							<nsSAFT:OtherTitles>OtherTitles49</nsSAFT:OtherTitles>
							<nsSAFT:OtherTitles>OtherTitles50</nsSAFT:OtherTitles>
							<nsSAFT:OtherTitles>OtherTitles51</nsSAFT:OtherTitles>
						</nsSAFT:ContactPerson>
						<nsSAFT:Telephone>Telephone14</nsSAFT:Telephone>
						<nsSAFT:Fax>Fax14</nsSAFT:Fax>
						<nsSAFT:Email>Email14</nsSAFT:Email>
						<nsSAFT:Website>http://uri14</nsSAFT:Website>
					</nsSAFT:Contact>
					<nsSAFT:Contact>
						<nsSAFT:ContactPerson>
							<nsSAFT:Title>Title18</nsSAFT:Title>
							<nsSAFT:FirstName>FirstName18</nsSAFT:FirstName>
							<nsSAFT:Initials>Initials18</nsSAFT:Initials>
							<nsSAFT:LastNamePrefix>LastNamePrefix18</nsSAFT:LastNamePrefix>
							<nsSAFT:LastName>LastName18</nsSAFT:LastName>
							<nsSAFT:BirthName>BirthName18</nsSAFT:BirthName>
							<nsSAFT:Salutation>Salutation18</nsSAFT:Salutation>
							<nsSAFT:OtherTitles>OtherTitles52</nsSAFT:OtherTitles>
							<nsSAFT:OtherTitles>OtherTitles53</nsSAFT:OtherTitles>
							<nsSAFT:OtherTitles>OtherTitles54</nsSAFT:OtherTitles>
						</nsSAFT:ContactPerson>
						<nsSAFT:Telephone>Telephone15</nsSAFT:Telephone>
						<nsSAFT:Fax>Fax15</nsSAFT:Fax>
						<nsSAFT:Email>Email15</nsSAFT:Email>
						<nsSAFT:Website>http://uri15</nsSAFT:Website>
					</nsSAFT:Contact>
					<nsSAFT:TaxRegistration>
						<nsSAFT:TaxRegistrationNumber>TaxRegistrationNumber13</nsSAFT:TaxRegistrationNumber>
						<nsSAFT:TaxType>TaxType13</nsSAFT:TaxType>
						<nsSAFT:TaxNumber>TaxNumber13</nsSAFT:TaxNumber>
						<nsSAFT:TaxAuthority>NRA</nsSAFT:TaxAuthority>
						<nsSAFT:TaxVerificationDate>1900-04-07</nsSAFT:TaxVerificationDate>
					</nsSAFT:TaxRegistration>
					<nsSAFT:TaxRegistration>
						<nsSAFT:TaxRegistrationNumber>TaxRegistrationNumber14</nsSAFT:TaxRegistrationNumber>
						<nsSAFT:TaxType>TaxType14</nsSAFT:TaxType>
						<nsSAFT:TaxNumber>TaxNumber14</nsSAFT:TaxNumber>
						<nsSAFT:TaxAuthority>NRA</nsSAFT:TaxAuthority>
						<nsSAFT:TaxVerificationDate>0001-04-07</nsSAFT:TaxVerificationDate>
					</nsSAFT:TaxRegistration>
					<nsSAFT:TaxRegistration>
						<nsSAFT:TaxRegistrationNumber>TaxRegistrationNumber15</nsSAFT:TaxRegistrationNumber>
						<nsSAFT:TaxType>TaxType15</nsSAFT:TaxType>
						<nsSAFT:TaxNumber>TaxNumber15</nsSAFT:TaxNumber>
						<nsSAFT:TaxAuthority>NRA</nsSAFT:TaxAuthority>
						<nsSAFT:TaxVerificationDate>9999-09-26</nsSAFT:TaxVerificationDate>
					</nsSAFT:TaxRegistration>
					<nsSAFT:BankAccount>
						<nsSAFT:IBANNumber>IBANNumber13</nsSAFT:IBANNumber>
					</nsSAFT:BankAccount>
					<nsSAFT:BankAccount>
						<nsSAFT:IBANNumber>IBANNumber14</nsSAFT:IBANNumber>
					</nsSAFT:BankAccount>
					<nsSAFT:BankAccount>
						<nsSAFT:IBANNumber>IBANNumber15</nsSAFT:IBANNumber>
					</nsSAFT:BankAccount>
					<nsSAFT:RelatedParty>N</nsSAFT:RelatedParty>
					<nsSAFT:RelatedPartyStartDate>0001-01-01</nsSAFT:RelatedPartyStartDate>
					<nsSAFT:RelatedPartyEndDate>0001-01-01</nsSAFT:RelatedPartyEndDate>
				</nsSAFT:CompanyStructure>
				<nsSAFT:SupplierID>SupplierID2</nsSAFT:SupplierID>
				<nsSAFT:SelfBillingIndicator>Y</nsSAFT:SelfBillingIndicator>
				<nsSAFT:AccountID>402</nsSAFT:AccountID>
				<nsSAFT:OpeningCreditBalance>0</nsSAFT:OpeningCreditBalance>
				<nsSAFT:ClosingCreditBalance>0</nsSAFT:ClosingCreditBalance>
			</nsSAFT:Supplier>
			<nsSAFT:Supplier>
				<nsSAFT:CompanyStructure>
					<nsSAFT:RegistrationNumber>RegistrationNumber3</nsSAFT:RegistrationNumber>
					<nsSAFT:NameLatin>NameLatin3</nsSAFT:NameLatin>
					<nsSAFT:Address>
						<nsSAFT:StreetName>StreetName16</nsSAFT:StreetName>
						<nsSAFT:Number>Number16</nsSAFT:Number>
						<nsSAFT:AdditionalAddressDetail>AdditionalAddressDetail16</nsSAFT:AdditionalAddressDetail>
						<nsSAFT:Building>Building16</nsSAFT:Building>
						<nsSAFT:City>City16</nsSAFT:City>
						<nsSAFT:PostalCode>PostalCode16</nsSAFT:PostalCode>
						<nsSAFT:Region>Region16</nsSAFT:Region>
						<nsSAFT:Country>16</nsSAFT:Country>
						<nsSAFT:AddressType>StreetAddress</nsSAFT:AddressType>
					</nsSAFT:Address>
					<nsSAFT:Address>
						<nsSAFT:StreetName>StreetName17</nsSAFT:StreetName>
						<nsSAFT:Number>Number17</nsSAFT:Number>
						<nsSAFT:AdditionalAddressDetail>AdditionalAddressDetail17</nsSAFT:AdditionalAddressDetail>
						<nsSAFT:Building>Building17</nsSAFT:Building>
						<nsSAFT:City>City17</nsSAFT:City>
						<nsSAFT:PostalCode>PostalCode17</nsSAFT:PostalCode>
						<nsSAFT:Region>Region17</nsSAFT:Region>
						<nsSAFT:Country>17</nsSAFT:Country>
						<nsSAFT:AddressType>PostalAddress</nsSAFT:AddressType>
					</nsSAFT:Address>
					<nsSAFT:Address>
						<nsSAFT:StreetName>StreetName18</nsSAFT:StreetName>
						<nsSAFT:Number>Number18</nsSAFT:Number>
						<nsSAFT:AdditionalAddressDetail>AdditionalAddressDetail18</nsSAFT:AdditionalAddressDetail>
						<nsSAFT:Building>Building18</nsSAFT:Building>
						<nsSAFT:City>City18</nsSAFT:City>
						<nsSAFT:PostalCode>PostalCode18</nsSAFT:PostalCode>
						<nsSAFT:Region>Region18</nsSAFT:Region>
						<nsSAFT:Country>18</nsSAFT:Country>
						<nsSAFT:AddressType>BillingAddress</nsSAFT:AddressType>
					</nsSAFT:Address>
					<nsSAFT:Contact>
						<nsSAFT:ContactPerson>
							<nsSAFT:Title>Title19</nsSAFT:Title>
							<nsSAFT:FirstName>FirstName19</nsSAFT:FirstName>
							<nsSAFT:Initials>Initials19</nsSAFT:Initials>
							<nsSAFT:LastNamePrefix>LastNamePrefix19</nsSAFT:LastNamePrefix>
							<nsSAFT:LastName>LastName19</nsSAFT:LastName>
							<nsSAFT:BirthName>BirthName19</nsSAFT:BirthName>
							<nsSAFT:Salutation>Salutation19</nsSAFT:Salutation>
							<nsSAFT:OtherTitles>OtherTitles55</nsSAFT:OtherTitles>
							<nsSAFT:OtherTitles>OtherTitles56</nsSAFT:OtherTitles>
							<nsSAFT:OtherTitles>OtherTitles57</nsSAFT:OtherTitles>
						</nsSAFT:ContactPerson>
						<nsSAFT:Telephone>Telephone16</nsSAFT:Telephone>
						<nsSAFT:Fax>Fax16</nsSAFT:Fax>
						<nsSAFT:Email>Email16</nsSAFT:Email>
						<nsSAFT:Website>http://uri16</nsSAFT:Website>
					</nsSAFT:Contact>
					<nsSAFT:Contact>
						<nsSAFT:ContactPerson>
							<nsSAFT:Title>Title20</nsSAFT:Title>
							<nsSAFT:FirstName>FirstName20</nsSAFT:FirstName>
							<nsSAFT:Initials>Initials20</nsSAFT:Initials>
							<nsSAFT:LastNamePrefix>LastNamePrefix20</nsSAFT:LastNamePrefix>
							<nsSAFT:LastName>LastName20</nsSAFT:LastName>
							<nsSAFT:BirthName>BirthName20</nsSAFT:BirthName>
							<nsSAFT:Salutation>Salutation20</nsSAFT:Salutation>
							<nsSAFT:OtherTitles>OtherTitles58</nsSAFT:OtherTitles>
							<nsSAFT:OtherTitles>OtherTitles59</nsSAFT:OtherTitles>
							<nsSAFT:OtherTitles>OtherTitles60</nsSAFT:OtherTitles>
						</nsSAFT:ContactPerson>
						<nsSAFT:Telephone>Telephone17</nsSAFT:Telephone>
						<nsSAFT:Fax>Fax17</nsSAFT:Fax>
						<nsSAFT:Email>Email17</nsSAFT:Email>
						<nsSAFT:Website>http://uri17</nsSAFT:Website>
					</nsSAFT:Contact>
					<nsSAFT:Contact>
						<nsSAFT:ContactPerson>
							<nsSAFT:Title>Title21</nsSAFT:Title>
							<nsSAFT:FirstName>FirstName21</nsSAFT:FirstName>
							<nsSAFT:Initials>Initials21</nsSAFT:Initials>
							<nsSAFT:LastNamePrefix>LastNamePrefix21</nsSAFT:LastNamePrefix>
							<nsSAFT:LastName>LastName21</nsSAFT:LastName>
							<nsSAFT:BirthName>BirthName21</nsSAFT:BirthName>
							<nsSAFT:Salutation>Salutation21</nsSAFT:Salutation>
							<nsSAFT:OtherTitles>OtherTitles61</nsSAFT:OtherTitles>
							<nsSAFT:OtherTitles>OtherTitles62</nsSAFT:OtherTitles>
							<nsSAFT:OtherTitles>OtherTitles63</nsSAFT:OtherTitles>
						</nsSAFT:ContactPerson>
						<nsSAFT:Telephone>Telephone18</nsSAFT:Telephone>
						<nsSAFT:Fax>Fax18</nsSAFT:Fax>
						<nsSAFT:Email>Email18</nsSAFT:Email>
						<nsSAFT:Website>http://uri18</nsSAFT:Website>
					</nsSAFT:Contact>
					<nsSAFT:TaxRegistration>
						<nsSAFT:TaxRegistrationNumber>TaxRegistrationNumber16</nsSAFT:TaxRegistrationNumber>
						<nsSAFT:TaxType>TaxType16</nsSAFT:TaxType>
						<nsSAFT:TaxNumber>TaxNumber16</nsSAFT:TaxNumber>
						<nsSAFT:TaxAuthority>NRA</nsSAFT:TaxAuthority>
						<nsSAFT:TaxVerificationDate>1899-08-26</nsSAFT:TaxVerificationDate>
					</nsSAFT:TaxRegistration>
					<nsSAFT:TaxRegistration>
						<nsSAFT:TaxRegistrationNumber>TaxRegistrationNumber17</nsSAFT:TaxRegistrationNumber>
						<nsSAFT:TaxType>TaxType17</nsSAFT:TaxType>
						<nsSAFT:TaxNumber>TaxNumber17</nsSAFT:TaxNumber>
						<nsSAFT:TaxAuthority>NRA</nsSAFT:TaxAuthority>
						<nsSAFT:TaxVerificationDate>1900-05-09</nsSAFT:TaxVerificationDate>
					</nsSAFT:TaxRegistration>
					<nsSAFT:TaxRegistration>
						<nsSAFT:TaxRegistrationNumber>TaxRegistrationNumber18</nsSAFT:TaxRegistrationNumber>
						<nsSAFT:TaxType>TaxType18</nsSAFT:TaxType>
						<nsSAFT:TaxNumber>TaxNumber18</nsSAFT:TaxNumber>
						<nsSAFT:TaxAuthority>NRA</nsSAFT:TaxAuthority>
						<nsSAFT:TaxVerificationDate>0001-05-09</nsSAFT:TaxVerificationDate>
					</nsSAFT:TaxRegistration>
					<nsSAFT:BankAccount>
						<nsSAFT:IBANNumber>IBANNumber16</nsSAFT:IBANNumber>
					</nsSAFT:BankAccount>
					<nsSAFT:BankAccount>
						<nsSAFT:IBANNumber>IBANNumber17</nsSAFT:IBANNumber>
					</nsSAFT:BankAccount>
					<nsSAFT:BankAccount>
						<nsSAFT:IBANNumber>IBANNumber18</nsSAFT:IBANNumber>
					</nsSAFT:BankAccount>
					<nsSAFT:RelatedParty>N</nsSAFT:RelatedParty>
					<nsSAFT:RelatedPartyStartDate>9999-12-31</nsSAFT:RelatedPartyStartDate>
					<nsSAFT:RelatedPartyEndDate>9999-12-31</nsSAFT:RelatedPartyEndDate>
				</nsSAFT:CompanyStructure>
				<nsSAFT:SupplierID>SupplierID3</nsSAFT:SupplierID>
				<nsSAFT:SelfBillingIndicator>N</nsSAFT:SelfBillingIndicator>
				<nsSAFT:AccountID>103</nsSAFT:AccountID>
				<nsSAFT:OpeningCreditBalance>0</nsSAFT:OpeningCreditBalance>
				<nsSAFT:ClosingCreditBalance>0</nsSAFT:ClosingCreditBalance>
			</nsSAFT:Supplier>
		</nsSAFT:Suppliers>
		<nsSAFT:TaxTable>
			<nsSAFT:TaxTableEntry>
				<nsSAFT:TaxType>100010</nsSAFT:TaxType>
				<nsSAFT:Description>ДДС</nsSAFT:Description>
				<nsSAFT:TaxCodeDetails>
					<nsSAFT:TaxCode>110010</nsSAFT:TaxCode>
					<nsSAFT:EffectiveDate>2020-01-01</nsSAFT:EffectiveDate>
					<nsSAFT:ExpirationDate>2100-01-01</nsSAFT:ExpirationDate>
					<nsSAFT:Description>Стандартна ставка на ДДС</nsSAFT:Description>
					<nsSAFT:TaxPercentage>20</nsSAFT:TaxPercentage>
					<nsSAFT:BaseRate>0.10</nsSAFT:BaseRate>
					<nsSAFT:Country>BG</nsSAFT:Country>
				</nsSAFT:TaxCodeDetails>
				<nsSAFT:TaxCodeDetails>
					<nsSAFT:TaxCode>110020</nsSAFT:TaxCode>
					<nsSAFT:EffectiveDate>2020-01-01</nsSAFT:EffectiveDate>
					<nsSAFT:ExpirationDate>2100-01-01</nsSAFT:ExpirationDate>
					<nsSAFT:Description>Намалена ставка на ДДС</nsSAFT:Description>
					<nsSAFT:TaxPercentage>9</nsSAFT:TaxPercentage>
					<nsSAFT:BaseRate>0.23</nsSAFT:BaseRate>
					<nsSAFT:Country>BG</nsSAFT:Country>
				</nsSAFT:TaxCodeDetails>
				<nsSAFT:TaxCodeDetails>
					<nsSAFT:TaxCode>110030</nsSAFT:TaxCode>
					<nsSAFT:EffectiveDate>2020-01-01</nsSAFT:EffectiveDate>
					<nsSAFT:ExpirationDate>2100-01-01</nsSAFT:ExpirationDate>
					<nsSAFT:Description>Нулева ставка на ДДС</nsSAFT:Description>
					<nsSAFT:TaxPercentage>0</nsSAFT:TaxPercentage>
					<nsSAFT:BaseRate>1</nsSAFT:BaseRate>
					<nsSAFT:Country>BG</nsSAFT:Country>
				</nsSAFT:TaxCodeDetails>
				<nsSAFT:TaxCodeDetails>
					<nsSAFT:TaxCode>110030</nsSAFT:TaxCode>
					<nsSAFT:EffectiveDate>2020-01-01</nsSAFT:EffectiveDate>
					<nsSAFT:ExpirationDate>2100-01-01</nsSAFT:ExpirationDate>
					<nsSAFT:Description>Освободени доставки и придобивания </nsSAFT:Description>
					<nsSAFT:TaxPercentage>0</nsSAFT:TaxPercentage>
					<nsSAFT:BaseRate>1</nsSAFT:BaseRate>
					<nsSAFT:Country>BG</nsSAFT:Country>
				</nsSAFT:TaxCodeDetails>
			</nsSAFT:TaxTableEntry>
		</nsSAFT:TaxTable>
		<nsSAFT:UOMTable>
			<nsSAFT:UOMTableEntry>
				<nsSAFT:UnitOfMeasure>H87</nsSAFT:UnitOfMeasure>
				<nsSAFT:Description>pcs / брой / бр.</nsSAFT:Description>
			</nsSAFT:UOMTableEntry>
			<nsSAFT:UOMTableEntry>
				<nsSAFT:UnitOfMeasure>XOS</nsSAFT:UnitOfMeasure>
				<nsSAFT:Description>Единичен палет / oneway pallet</nsSAFT:Description>
			</nsSAFT:UOMTableEntry>
			<nsSAFT:UOMTableEntry>
				<nsSAFT:UnitOfMeasure>XME</nsSAFT:UnitOfMeasure>
				<nsSAFT:Description>Контейнер, метален / Container metal</nsSAFT:Description>
			</nsSAFT:UOMTableEntry>
		</nsSAFT:UOMTable>
		<nsSAFT:AnalysisTypeTable>
			<nsSAFT:AnalysisTypeTableEntry>
				<nsSAFT:AnalysisType>Analysis1</nsSAFT:AnalysisType>
				<nsSAFT:AnalysisTypeDescription>AnalysisTypeDescription1</nsSAFT:AnalysisTypeDescription>
				<nsSAFT:AnalysisID>AnalysisID1</nsSAFT:AnalysisID>
				<nsSAFT:AnalysisIDDescription>AnalysisIDDescription1</nsSAFT:AnalysisIDDescription>
			</nsSAFT:AnalysisTypeTableEntry>
		</nsSAFT:AnalysisTypeTable>
		<nsSAFT:Products>
			<nsSAFT:Product>
				<nsSAFT:ProductCode>8908-W</nsSAFT:ProductCode>
				<nsSAFT:GoodsServicesID>01</nsSAFT:GoodsServicesID>
				<nsSAFT:ProductGroup>Компютри</nsSAFT:ProductGroup>
				<nsSAFT:Description>Компютър - модерен пакет</nsSAFT:Description>
				<nsSAFT:ProductCommodityCode>84713010</nsSAFT:ProductCommodityCode>
				<nsSAFT:ProductNumberCode> </nsSAFT:ProductNumberCode>
				<nsSAFT:ValuationMethod>Средна</nsSAFT:ValuationMethod>
				<nsSAFT:UOMBase>H87</nsSAFT:UOMBase>
				<nsSAFT:UOMStandard>БРОЙ</nsSAFT:UOMStandard>
				<nsSAFT:UOMToUOMBaseConversionFactor>1</nsSAFT:UOMToUOMBaseConversionFactor>
				<nsSAFT:Tax>
					<nsSAFT:TaxType>100010</nsSAFT:TaxType>
					<nsSAFT:TaxCode>110010</nsSAFT:TaxCode>
				</nsSAFT:Tax>
			</nsSAFT:Product>
			<nsSAFT:Product>
				<nsSAFT:ProductCode>8916-W</nsSAFT:ProductCode>
				<nsSAFT:GoodsServicesID>01</nsSAFT:GoodsServicesID>
				<nsSAFT:ProductGroup>Компютри</nsSAFT:ProductGroup>
				<nsSAFT:Description>Компютър - ТУРБО пакет</nsSAFT:Description>
				<nsSAFT:ProductCommodityCode>84713010</nsSAFT:ProductCommodityCode>
				<nsSAFT:ProductNumberCode> </nsSAFT:ProductNumberCode>
				<nsSAFT:ValuationMethod>Средна</nsSAFT:ValuationMethod>
				<nsSAFT:UOMBase>H87</nsSAFT:UOMBase>
				<nsSAFT:UOMStandard>БРОЙ</nsSAFT:UOMStandard>
				<nsSAFT:UOMToUOMBaseConversionFactor>1</nsSAFT:UOMToUOMBaseConversionFactor>
				<nsSAFT:Tax>
					<nsSAFT:TaxType>100010</nsSAFT:TaxType>
					<nsSAFT:TaxCode>110010</nsSAFT:TaxCode>
				</nsSAFT:Tax>
			</nsSAFT:Product>
			<nsSAFT:Product>
				<nsSAFT:ProductCode>8924-W</nsSAFT:ProductCode>
				<nsSAFT:GoodsServicesID>01</nsSAFT:GoodsServicesID>
				<nsSAFT:ProductGroup>Компютри</nsSAFT:ProductGroup>
				<nsSAFT:Description>Сървър - корпоративен пакет</nsSAFT:Description>
				<nsSAFT:ProductCommodityCode>84713010</nsSAFT:ProductCommodityCode>
				<nsSAFT:ProductNumberCode> </nsSAFT:ProductNumberCode>
				<nsSAFT:ValuationMethod>Средна</nsSAFT:ValuationMethod>
				<nsSAFT:UOMBase>H87</nsSAFT:UOMBase>
				<nsSAFT:UOMStandard>БРОЙ</nsSAFT:UOMStandard>
				<nsSAFT:UOMToUOMBaseConversionFactor>1</nsSAFT:UOMToUOMBaseConversionFactor>
				<nsSAFT:Tax>
					<nsSAFT:TaxType>100010</nsSAFT:TaxType>
					<nsSAFT:TaxCode>110010</nsSAFT:TaxCode>
				</nsSAFT:Tax>
			</nsSAFT:Product>
			<nsSAFT:Product>
				<nsSAFT:ProductCode>1964-S</nsSAFT:ProductCode>
				<nsSAFT:GoodsServicesID>01</nsSAFT:GoodsServicesID>
				<nsSAFT:ProductGroup>Мебели</nsSAFT:ProductGroup>
				<nsSAFT:Description>TOKYO стол</nsSAFT:Description>
				<nsSAFT:ProductCommodityCode>94018000</nsSAFT:ProductCommodityCode>
				<nsSAFT:ProductNumberCode> </nsSAFT:ProductNumberCode>
				<nsSAFT:ValuationMethod>Средна</nsSAFT:ValuationMethod>
				<nsSAFT:UOMBase>H87</nsSAFT:UOMBase>
				<nsSAFT:UOMStandard>БРОЙ</nsSAFT:UOMStandard>
				<nsSAFT:UOMToUOMBaseConversionFactor>1</nsSAFT:UOMToUOMBaseConversionFactor>
				<nsSAFT:Tax>
					<nsSAFT:TaxType>100010</nsSAFT:TaxType>
					<nsSAFT:TaxCode>110010</nsSAFT:TaxCode>
				</nsSAFT:Tax>
			</nsSAFT:Product>
			<nsSAFT:Product>
				<nsSAFT:ProductCode>1964-W</nsSAFT:ProductCode>
				<nsSAFT:GoodsServicesID>01</nsSAFT:GoodsServicesID>
				<nsSAFT:ProductGroup>Мебели</nsSAFT:ProductGroup>
				<nsSAFT:Description>INNSBRUCK шкаф</nsSAFT:Description>
				<nsSAFT:ProductCommodityCode>94036090</nsSAFT:ProductCommodityCode>
				<nsSAFT:ProductNumberCode> </nsSAFT:ProductNumberCode>
				<nsSAFT:ValuationMethod>Средна</nsSAFT:ValuationMethod>
				<nsSAFT:UOMBase>H87</nsSAFT:UOMBase>
				<nsSAFT:UOMStandard>БРОЙ</nsSAFT:UOMStandard>
				<nsSAFT:UOMToUOMBaseConversionFactor>1</nsSAFT:UOMToUOMBaseConversionFactor>
				<nsSAFT:Tax>
					<nsSAFT:TaxType>100010</nsSAFT:TaxType>
					<nsSAFT:TaxCode>110010</nsSAFT:TaxCode>
				</nsSAFT:Tax>
			</nsSAFT:Product>
			<nsSAFT:Product>
				<nsSAFT:ProductCode>1952-W</nsSAFT:ProductCode>
				<nsSAFT:GoodsServicesID>01</nsSAFT:GoodsServicesID>
				<nsSAFT:ProductGroup>Мебели</nsSAFT:ProductGroup>
				<nsSAFT:Description>OSLO шкаф</nsSAFT:Description>
				<nsSAFT:ProductCommodityCode>94036090</nsSAFT:ProductCommodityCode>
				<nsSAFT:ProductNumberCode> </nsSAFT:ProductNumberCode>
				<nsSAFT:ValuationMethod>Средна</nsSAFT:ValuationMethod>
				<nsSAFT:UOMBase>H87</nsSAFT:UOMBase>
				<nsSAFT:UOMStandard>БРОЙ</nsSAFT:UOMStandard>
				<nsSAFT:UOMToUOMBaseConversionFactor>1</nsSAFT:UOMToUOMBaseConversionFactor>
				<nsSAFT:Tax>
					<nsSAFT:TaxType>100010</nsSAFT:TaxType>
					<nsSAFT:TaxCode>110010</nsSAFT:TaxCode>
				</nsSAFT:Tax>
			</nsSAFT:Product>
		</nsSAFT:Products>
	</nsSAFT:MasterFilesMonthly>
	<nsSAFT:CorrespondingAccountsReport>
	<nsSAFT:CorrespondingAccountReport>
				<nsSAFT:LineNo>1</nsSAFT:LineNo>
				<nsSAFT:Period>1</nsSAFT:Period>
				<nsSAFT:PeriodYear>2022</nsSAFT:PeriodYear>
				<nsSAFT:AccountID>301</nsSAFT:AccountID>
				<nsSAFT:DebitOpeningBalance>0.00</nsSAFT:DebitOpeningBalance>
				<nsSAFT:CreditOpeningBalance>0.00</nsSAFT:CreditOpeningBalance>
				<nsSAFT:СorrespondingAccountStructure>
					<nsSAFT:CorrespondingAccountID>401</nsSAFT:CorrespondingAccountID>
					<nsSAFT:DebitTurnover>2500.00</nsSAFT:DebitTurnover>
					<nsSAFT:CreditTurnover>0.00</nsSAFT:CreditTurnover>
				</nsSAFT:СorrespondingAccountStructure>
				<nsSAFT:TotalDebitClosingBalance>2500.00</nsSAFT:TotalDebitClosingBalance>
				<nsSAFT:TotalCreditClosingBalance>0.00</nsSAFT:TotalCreditClosingBalance>
				</nsSAFT:CorrespondingAccountReport>
			 <nsSAFT:CorrespondingAccountReport>
				<nsSAFT:LineNo>2</nsSAFT:LineNo>
				<nsSAFT:Period>1</nsSAFT:Period>
				<nsSAFT:PeriodYear>2022</nsSAFT:PeriodYear>
				<nsSAFT:AccountID>3011</nsSAFT:AccountID>
				<nsSAFT:DebitOpeningBalance>0.00</nsSAFT:DebitOpeningBalance>
				<nsSAFT:CreditOpeningBalance>0.00</nsSAFT:CreditOpeningBalance>
				<nsSAFT:СorrespondingAccountStructure>
					<nsSAFT:CorrespondingAccountID>301</nsSAFT:CorrespondingAccountID>
					<nsSAFT:DebitTurnover>0.00</nsSAFT:DebitTurnover>
					<nsSAFT:CreditTurnover>2500.00</nsSAFT:CreditTurnover>
				</nsSAFT:СorrespondingAccountStructure>
				<nsSAFT:TotalDebitClosingBalance>0.00</nsSAFT:TotalDebitClosingBalance>
				<nsSAFT:TotalCreditClosingBalance>2500.00</nsSAFT:TotalCreditClosingBalance>
				</nsSAFT:CorrespondingAccountReport>
				 <nsSAFT:CorrespondingAccountReport>
				<nsSAFT:LineNo>3</nsSAFT:LineNo>
				<nsSAFT:Period>1</nsSAFT:Period>
				<nsSAFT:PeriodYear>2022</nsSAFT:PeriodYear>
				<nsSAFT:AccountID>4531</nsSAFT:AccountID>
				<nsSAFT:DebitOpeningBalance>0.00</nsSAFT:DebitOpeningBalance>
				<nsSAFT:CreditOpeningBalance>0.00</nsSAFT:CreditOpeningBalance>
				<nsSAFT:СorrespondingAccountStructure>
					<nsSAFT:CorrespondingAccountID>401</nsSAFT:CorrespondingAccountID>
					<nsSAFT:DebitTurnover>0.00</nsSAFT:DebitTurnover>
					<nsSAFT:CreditTurnover>500.00</nsSAFT:CreditTurnover>
				</nsSAFT:СorrespondingAccountStructure>
				<nsSAFT:TotalDebitClosingBalance>0.00</nsSAFT:TotalDebitClosingBalance>
				<nsSAFT:TotalCreditClosingBalance>500.00</nsSAFT:TotalCreditClosingBalance>
				</nsSAFT:CorrespondingAccountReport>
				<nsSAFT:CorrespondingAccountReport>
				<nsSAFT:LineNo>4</nsSAFT:LineNo>
				<nsSAFT:Period>1</nsSAFT:Period>
				<nsSAFT:PeriodYear>2022</nsSAFT:PeriodYear>
				<nsSAFT:AccountID>4531</nsSAFT:AccountID>
				<nsSAFT:DebitOpeningBalance>0.00</nsSAFT:DebitOpeningBalance>
				<nsSAFT:CreditOpeningBalance>0.00</nsSAFT:CreditOpeningBalance>
				<nsSAFT:СorrespondingAccountStructure>
					<nsSAFT:CorrespondingAccountID>301</nsSAFT:CorrespondingAccountID>
					<nsSAFT:DebitTurnover>0.00</nsSAFT:DebitTurnover>
					<nsSAFT:CreditTurnover>500.00</nsSAFT:CreditTurnover>
				</nsSAFT:СorrespondingAccountStructure>
				<nsSAFT:TotalDebitClosingBalance>0.00</nsSAFT:TotalDebitClosingBalance>
				<nsSAFT:TotalCreditClosingBalance>500.00</nsSAFT:TotalCreditClosingBalance>
				</nsSAFT:CorrespondingAccountReport>
				<nsSAFT:CorrespondingAccountReport>
				<nsSAFT:LineNo>5</nsSAFT:LineNo>
				<nsSAFT:Period>1</nsSAFT:Period>
				<nsSAFT:PeriodYear>2022</nsSAFT:PeriodYear>
				<nsSAFT:AccountID>4531</nsSAFT:AccountID>
				<nsSAFT:DebitOpeningBalance>0.00</nsSAFT:DebitOpeningBalance>
				<nsSAFT:CreditOpeningBalance>0.00</nsSAFT:CreditOpeningBalance>
				<nsSAFT:СorrespondingAccountStructure>
					<nsSAFT:CorrespondingAccountID>401</nsSAFT:CorrespondingAccountID>
					<nsSAFT:DebitTurnover>0.00</nsSAFT:DebitTurnover>
					<nsSAFT:CreditTurnover>500.00</nsSAFT:CreditTurnover>
				</nsSAFT:СorrespondingAccountStructure>
				<nsSAFT:TotalDebitClosingBalance>0.00</nsSAFT:TotalDebitClosingBalance>
				<nsSAFT:TotalCreditClosingBalance>500.00</nsSAFT:TotalCreditClosingBalance>
				</nsSAFT:CorrespondingAccountReport>
				<nsSAFT:CorrespondingAccountReport>
				<nsSAFT:LineNo>6</nsSAFT:LineNo>
				<nsSAFT:Period>1</nsSAFT:Period>
				<nsSAFT:PeriodYear>2022</nsSAFT:PeriodYear>
				<nsSAFT:AccountID>4531</nsSAFT:AccountID>
				<nsSAFT:DebitOpeningBalance>0.00</nsSAFT:DebitOpeningBalance>
				<nsSAFT:CreditOpeningBalance>0.00</nsSAFT:CreditOpeningBalance>
				<nsSAFT:СorrespondingAccountStructure>
					<nsSAFT:CorrespondingAccountID>401</nsSAFT:CorrespondingAccountID>
					<nsSAFT:DebitTurnover>0.00</nsSAFT:DebitTurnover>
					<nsSAFT:CreditTurnover>500.00</nsSAFT:CreditTurnover>
				</nsSAFT:СorrespondingAccountStructure>
				<nsSAFT:TotalDebitClosingBalance>0.00</nsSAFT:TotalDebitClosingBalance>
				<nsSAFT:TotalCreditClosingBalance>500.00</nsSAFT:TotalCreditClosingBalance>
				</nsSAFT:CorrespondingAccountReport> 
	</nsSAFT:CorrespondingAccountsReport>
	<nsSAFT:GeneralLedgerEntries>
		<nsSAFT:NumberOfEntries>5</nsSAFT:NumberOfEntries>
		<nsSAFT:TotalDebit>19563.60</nsSAFT:TotalDebit>
		<nsSAFT:TotalCredit>19563.60</nsSAFT:TotalCredit>
	 <nsSAFT:Journal>
			<nsSAFT:JournalID>GL</nsSAFT:JournalID>
			<nsSAFT:Description>Счетоводни записи</nsSAFT:Description>
			<nsSAFT:Type>GLEntry</nsSAFT:Type>
			<nsSAFT:Transaction>
				<nsSAFT:TransactionID>183</nsSAFT:TransactionID>
				<nsSAFT:Period>1</nsSAFT:Period>
				<nsSAFT:PeriodYear>2022</nsSAFT:PeriodYear>
				<nsSAFT:TransactionDate>2022-01-03</nsSAFT:TransactionDate>
				<nsSAFT:SourceID>3334</nsSAFT:SourceID>
				<nsSAFT:TransactionType>Normal</nsSAFT:TransactionType>
				<nsSAFT:Description>Фактура за покупка</nsSAFT:Description>
				<nsSAFT:BatchID>0</nsSAFT:BatchID>
				<nsSAFT:SystemEntryDate>2022-01-03</nsSAFT:SystemEntryDate>
				<nsSAFT:GLPostingDate>2022-01-03</nsSAFT:GLPostingDate>
				<nsSAFT:CustomerID>0</nsSAFT:CustomerID>
				<nsSAFT:SupplierID>00295267495</nsSAFT:SupplierID>
				<nsSAFT:SystemID>108030</nsSAFT:SystemID>
				<nsSAFT:TransactionLine>
					<nsSAFT:RecordID>2786</nsSAFT:RecordID>
					<nsSAFT:AccountID>256</nsSAFT:AccountID>
					<nsSAFT:TaxpayerAccountID>7110</nsSAFT:TaxpayerAccountID>
					<nsSAFT:Analysis>
						<nsSAFT:AnalysisType>Analysis1</nsSAFT:AnalysisType>
						<nsSAFT:AnalysisID>AnalysisID1</nsSAFT:AnalysisID>
						<nsSAFT:AnalysisAmount>
							<nsSAFT:Amount>1</nsSAFT:Amount>
							<nsSAFT:CurrencyCode>BGN</nsSAFT:CurrencyCode>
							<nsSAFT:CurrencyAmount>1</nsSAFT:CurrencyAmount>
							<nsSAFT:ExchangeRate>1</nsSAFT:ExchangeRate>
						</nsSAFT:AnalysisAmount>
					</nsSAFT:Analysis>
					<nsSAFT:ValueDate>2022-01-03</nsSAFT:ValueDate>
					<nsSAFT:SourceDocumentID>108030</nsSAFT:SourceDocumentID>
					<nsSAFT:CustomerID>0</nsSAFT:CustomerID>
					<nsSAFT:SupplierID>00295267495</nsSAFT:SupplierID>
					<nsSAFT:Description>Фактура за покупка</nsSAFT:Description>
					<nsSAFT:DebitAmount>
						<nsSAFT:Amount>2500.00</nsSAFT:Amount>
						<nsSAFT:CurrencyCode>BGN</nsSAFT:CurrencyCode>
						<nsSAFT:CurrencyAmount>2500.00</nsSAFT:CurrencyAmount>
						<nsSAFT:ExchangeRate>1.0000</nsSAFT:ExchangeRate>
					</nsSAFT:DebitAmount>
					<nsSAFT:TaxInformation>
						<nsSAFT:TaxType/>
						<nsSAFT:TaxCode/>
						<nsSAFT:TaxPercentage>0</nsSAFT:TaxPercentage>
						<nsSAFT:TaxBase>0</nsSAFT:TaxBase>
						<nsSAFT:TaxBaseDescription/>
						<nsSAFT:TaxAmount>
							<nsSAFT:Amount>0</nsSAFT:Amount>
							<nsSAFT:CurrencyCode>BGN</nsSAFT:CurrencyCode>
							<nsSAFT:CurrencyAmount>0</nsSAFT:CurrencyAmount>
							<nsSAFT:ExchangeRate>0</nsSAFT:ExchangeRate>
						</nsSAFT:TaxAmount>
						<nsSAFT:TaxExemptionReason/>
						<nsSAFT:TaxDeclarationPeriod/>
					</nsSAFT:TaxInformation>
				</nsSAFT:TransactionLine>
				<nsSAFT:TransactionLine>
					<nsSAFT:RecordID>2787</nsSAFT:RecordID>
					<nsSAFT:AccountID>4531</nsSAFT:AccountID>
					<nsSAFT:TaxpayerAccountID>5630</nsSAFT:TaxpayerAccountID>
					<nsSAFT:Analysis>
						<nsSAFT:AnalysisType>Analysis4</nsSAFT:AnalysisType>
						<nsSAFT:AnalysisID>AnalysisID4</nsSAFT:AnalysisID>
						<nsSAFT:AnalysisAmount>
							<nsSAFT:Amount>1.00</nsSAFT:Amount>
							<nsSAFT:CurrencyCode>BGN</nsSAFT:CurrencyCode>
							<nsSAFT:CurrencyAmount>1.00</nsSAFT:CurrencyAmount>
							<nsSAFT:ExchangeRate>1.0000</nsSAFT:ExchangeRate>
						</nsSAFT:AnalysisAmount>
					</nsSAFT:Analysis>
					<nsSAFT:ValueDate>2022-01-03</nsSAFT:ValueDate>
					<nsSAFT:SourceDocumentID>108030</nsSAFT:SourceDocumentID>
					<nsSAFT:CustomerID>0</nsSAFT:CustomerID>
					<nsSAFT:SupplierID>00295267495</nsSAFT:SupplierID>
					<nsSAFT:Description>Фактура за покупка</nsSAFT:Description>
					<nsSAFT:DebitAmount>
						<nsSAFT:Amount>500.00</nsSAFT:Amount>
						<nsSAFT:CurrencyCode>BGN</nsSAFT:CurrencyCode>
						<nsSAFT:CurrencyAmount>1.0000</nsSAFT:CurrencyAmount>
						<nsSAFT:ExchangeRate>1.0000</nsSAFT:ExchangeRate>
					</nsSAFT:DebitAmount>
					<nsSAFT:TaxInformation>
						<nsSAFT:TaxType>100010</nsSAFT:TaxType>
						<nsSAFT:TaxCode>110010</nsSAFT:TaxCode>
						<nsSAFT:TaxPercentage>20</nsSAFT:TaxPercentage>
						<nsSAFT:TaxBase>2500.00</nsSAFT:TaxBase>
						<nsSAFT:TaxBaseDescription>Стандартна ставка на данъка</nsSAFT:TaxBaseDescription>
						<nsSAFT:TaxAmount>
							<nsSAFT:Amount>500.00</nsSAFT:Amount>
							<nsSAFT:CurrencyCode>BGN</nsSAFT:CurrencyCode>
							<nsSAFT:CurrencyAmount>500.00</nsSAFT:CurrencyAmount>
							<nsSAFT:ExchangeRate>1.00000</nsSAFT:ExchangeRate>
						</nsSAFT:TaxAmount>
						<nsSAFT:TaxExemptionReason/>
						<nsSAFT:TaxDeclarationPeriod>REF-VAT-DECL-01-2022</nsSAFT:TaxDeclarationPeriod>
					</nsSAFT:TaxInformation>
				</nsSAFT:TransactionLine>
				<nsSAFT:TransactionLine>
					<nsSAFT:RecordID>2788</nsSAFT:RecordID>
					<nsSAFT:AccountID>401</nsSAFT:AccountID>
					<nsSAFT:TaxpayerAccountID>5410</nsSAFT:TaxpayerAccountID>
					<nsSAFT:Analysis>
						<nsSAFT:AnalysisType>Analysis7</nsSAFT:AnalysisType>
						<nsSAFT:AnalysisID>AnalysisID7</nsSAFT:AnalysisID>
						<nsSAFT:AnalysisAmount>
							<nsSAFT:Amount>1.0000</nsSAFT:Amount>
							<nsSAFT:CurrencyCode>BGN</nsSAFT:CurrencyCode>
							<nsSAFT:CurrencyAmount>1.0000</nsSAFT:CurrencyAmount>
							<nsSAFT:ExchangeRate>1.0000</nsSAFT:ExchangeRate>
						</nsSAFT:AnalysisAmount>
					</nsSAFT:Analysis>
					<nsSAFT:ValueDate>2022-01-03</nsSAFT:ValueDate>
					<nsSAFT:SourceDocumentID>108030</nsSAFT:SourceDocumentID>
					<nsSAFT:CustomerID>0</nsSAFT:CustomerID>
					<nsSAFT:SupplierID>00295267495</nsSAFT:SupplierID>
					<nsSAFT:Description>Фактура за покупка</nsSAFT:Description>
					<nsSAFT:CreditAmount>
						<nsSAFT:Amount>3000.00</nsSAFT:Amount>
						<nsSAFT:CurrencyCode>BGN</nsSAFT:CurrencyCode>
						<nsSAFT:CurrencyAmount>3000.00</nsSAFT:CurrencyAmount>
						<nsSAFT:ExchangeRate>1</nsSAFT:ExchangeRate>
					</nsSAFT:CreditAmount>
					<nsSAFT:TaxInformation>
						<nsSAFT:TaxType/>
						<nsSAFT:TaxCode/>
						<nsSAFT:TaxPercentage>0</nsSAFT:TaxPercentage>
						<nsSAFT:TaxBase>0</nsSAFT:TaxBase>
						<nsSAFT:TaxAmount>
							<nsSAFT:Amount>0</nsSAFT:Amount>
							<nsSAFT:CurrencyCode>BGN</nsSAFT:CurrencyCode>
							<nsSAFT:CurrencyAmount>0</nsSAFT:CurrencyAmount>
							<nsSAFT:ExchangeRate>0</nsSAFT:ExchangeRate>
						</nsSAFT:TaxAmount>
					</nsSAFT:TaxInformation>
				</nsSAFT:TransactionLine>
				<nsSAFT:TransactionLine>
					<nsSAFT:RecordID>3187</nsSAFT:RecordID>
					<nsSAFT:AccountID>304</nsSAFT:AccountID>
					<nsSAFT:TaxpayerAccountID>2110</nsSAFT:TaxpayerAccountID>
					<nsSAFT:Analysis>
						<nsSAFT:AnalysisType>Analysis7</nsSAFT:AnalysisType>
						<nsSAFT:AnalysisID>AnalysisID7</nsSAFT:AnalysisID>
						<nsSAFT:AnalysisAmount>
							<nsSAFT:Amount>1.0000</nsSAFT:Amount>
							<nsSAFT:CurrencyCode>BGN</nsSAFT:CurrencyCode>
							<nsSAFT:CurrencyAmount>1.0000</nsSAFT:CurrencyAmount>
							<nsSAFT:ExchangeRate>1.0000</nsSAFT:ExchangeRate>
						</nsSAFT:AnalysisAmount>
					</nsSAFT:Analysis>
					<nsSAFT:ValueDate>2022-01-03</nsSAFT:ValueDate>
					<nsSAFT:SourceDocumentID>108030</nsSAFT:SourceDocumentID>
					<nsSAFT:CustomerID>0</nsSAFT:CustomerID>
					<nsSAFT:SupplierID>00295267495</nsSAFT:SupplierID>
					<nsSAFT:Description>Фактура за покупка</nsSAFT:Description>
					<nsSAFT:DebitAmount>
						<nsSAFT:Amount>2500.00</nsSAFT:Amount>
						<nsSAFT:CurrencyCode>BGN</nsSAFT:CurrencyCode>
						<nsSAFT:CurrencyAmount>2500.00</nsSAFT:CurrencyAmount>
						<nsSAFT:ExchangeRate>1.0000</nsSAFT:ExchangeRate>
					</nsSAFT:DebitAmount>
					<nsSAFT:TaxInformation>
						<nsSAFT:TaxType/>
						<nsSAFT:TaxCode/>
						<nsSAFT:TaxPercentage>0</nsSAFT:TaxPercentage>
						<nsSAFT:TaxBase>0</nsSAFT:TaxBase>
						<nsSAFT:TaxAmount>
							<nsSAFT:Amount>0</nsSAFT:Amount>
							<nsSAFT:CurrencyCode>BGN</nsSAFT:CurrencyCode>
							<nsSAFT:CurrencyAmount>0</nsSAFT:CurrencyAmount>
							<nsSAFT:ExchangeRate>0</nsSAFT:ExchangeRate>
						</nsSAFT:TaxAmount>
					</nsSAFT:TaxInformation>
				</nsSAFT:TransactionLine>
				<nsSAFT:TransactionLine>
					<nsSAFT:RecordID>3188</nsSAFT:RecordID>
					<nsSAFT:AccountID>301</nsSAFT:AccountID>
					<nsSAFT:TaxpayerAccountID>7191</nsSAFT:TaxpayerAccountID>
					<nsSAFT:Analysis>
						<nsSAFT:AnalysisType>Analysis7</nsSAFT:AnalysisType>
						<nsSAFT:AnalysisID>AnalysisID7</nsSAFT:AnalysisID>
						<nsSAFT:AnalysisAmount>
							<nsSAFT:Amount>1.0000</nsSAFT:Amount>
							<nsSAFT:CurrencyCode>BGN</nsSAFT:CurrencyCode>
							<nsSAFT:CurrencyAmount>1.0000</nsSAFT:CurrencyAmount>
							<nsSAFT:ExchangeRate>1.0000</nsSAFT:ExchangeRate>
						</nsSAFT:AnalysisAmount>
					</nsSAFT:Analysis>
					<nsSAFT:ValueDate>2022-01-03</nsSAFT:ValueDate>
					<nsSAFT:SourceDocumentID>108030</nsSAFT:SourceDocumentID>
					<nsSAFT:CustomerID>0</nsSAFT:CustomerID>
					<nsSAFT:SupplierID>00295267495</nsSAFT:SupplierID>
					<nsSAFT:Description>Фактура за покупка</nsSAFT:Description>
					<nsSAFT:CreditAmount>
						<nsSAFT:Amount>2500.00</nsSAFT:Amount>
						<nsSAFT:CurrencyCode>BGN</nsSAFT:CurrencyCode>
						<nsSAFT:CurrencyAmount>2500.00</nsSAFT:CurrencyAmount>
						<nsSAFT:ExchangeRate>1</nsSAFT:ExchangeRate>
					</nsSAFT:CreditAmount>
					<nsSAFT:TaxInformation>
						<nsSAFT:TaxType/>
						<nsSAFT:TaxCode/>
						<nsSAFT:TaxPercentage>0</nsSAFT:TaxPercentage>
						<nsSAFT:TaxBase>0</nsSAFT:TaxBase>
						<nsSAFT:TaxAmount>
							<nsSAFT:Amount>0</nsSAFT:Amount>
							<nsSAFT:CurrencyCode>BGN</nsSAFT:CurrencyCode>
							<nsSAFT:CurrencyAmount>0</nsSAFT:CurrencyAmount>
							<nsSAFT:ExchangeRate>0</nsSAFT:ExchangeRate>
						</nsSAFT:TaxAmount>
					</nsSAFT:TaxInformation>
				</nsSAFT:TransactionLine>
			</nsSAFT:Transaction>
			<nsSAFT:Transaction>
				<nsSAFT:TransactionID>182</nsSAFT:TransactionID>
				<nsSAFT:Period>1</nsSAFT:Period>
				<nsSAFT:PeriodYear>2022</nsSAFT:PeriodYear>
				<nsSAFT:TransactionDate>2022-01-08</nsSAFT:TransactionDate>
				<nsSAFT:SourceID>3333</nsSAFT:SourceID>
				<nsSAFT:TransactionType>Normal</nsSAFT:TransactionType>
				<nsSAFT:Description>Фактура за покупка</nsSAFT:Description>
				<nsSAFT:BatchID>0</nsSAFT:BatchID>
				<nsSAFT:SystemEntryDate>2022-01-08</nsSAFT:SystemEntryDate>
				<nsSAFT:GLPostingDate>2022-01-08</nsSAFT:GLPostingDate>
				<nsSAFT:CustomerID>0</nsSAFT:CustomerID>
				<nsSAFT:SupplierID>00295267495</nsSAFT:SupplierID>
				<nsSAFT:SystemID>108029</nsSAFT:SystemID>
				<nsSAFT:TransactionLine>
					<nsSAFT:RecordID>2783</nsSAFT:RecordID>
					<nsSAFT:AccountID>301</nsSAFT:AccountID>
					<nsSAFT:TaxpayerAccountID>7110</nsSAFT:TaxpayerAccountID>
					<nsSAFT:Analysis>
						<nsSAFT:AnalysisType>Analysi10</nsSAFT:AnalysisType>
						<nsSAFT:AnalysisID>AnalysisID10</nsSAFT:AnalysisID>
						<nsSAFT:AnalysisAmount>
							<nsSAFT:Amount>0</nsSAFT:Amount>
							<nsSAFT:CurrencyCode>BGN</nsSAFT:CurrencyCode>
							<nsSAFT:CurrencyAmount>0</nsSAFT:CurrencyAmount>
							<nsSAFT:ExchangeRate>1.00000</nsSAFT:ExchangeRate>
						</nsSAFT:AnalysisAmount>
					</nsSAFT:Analysis>
					<nsSAFT:ValueDate>2022-01-08</nsSAFT:ValueDate>
					<nsSAFT:SourceDocumentID>108029</nsSAFT:SourceDocumentID>
					<nsSAFT:CustomerID>0</nsSAFT:CustomerID>
					<nsSAFT:SupplierID>00295267495</nsSAFT:SupplierID>
					<nsSAFT:Description>Фактура за покупка</nsSAFT:Description>
					<nsSAFT:DebitAmount>
						<nsSAFT:Amount>2200.00</nsSAFT:Amount>
						<nsSAFT:CurrencyCode>BGN</nsSAFT:CurrencyCode>
						<nsSAFT:CurrencyAmount>2200.00</nsSAFT:CurrencyAmount>
						<nsSAFT:ExchangeRate>1.0000</nsSAFT:ExchangeRate>
					</nsSAFT:DebitAmount>
					<nsSAFT:TaxInformation>
						<nsSAFT:TaxType/>
						<nsSAFT:TaxCode/>
						<nsSAFT:TaxPercentage>0</nsSAFT:TaxPercentage>
						<nsSAFT:TaxBase>0</nsSAFT:TaxBase>
						<nsSAFT:TaxBaseDescription/>
						<nsSAFT:TaxAmount>
							<nsSAFT:Amount>0</nsSAFT:Amount>
							<nsSAFT:CurrencyCode>BGN</nsSAFT:CurrencyCode>
							<nsSAFT:CurrencyAmount>0</nsSAFT:CurrencyAmount>
							<nsSAFT:ExchangeRate>1.00000</nsSAFT:ExchangeRate>
						</nsSAFT:TaxAmount>
						<nsSAFT:TaxExemptionReason/>
						<nsSAFT:TaxDeclarationPeriod/>
					</nsSAFT:TaxInformation>
				</nsSAFT:TransactionLine>
				<nsSAFT:TransactionLine>
					<nsSAFT:RecordID>2784</nsSAFT:RecordID>
					<nsSAFT:AccountID>4531</nsSAFT:AccountID>
					<nsSAFT:TaxpayerAccountID>5630</nsSAFT:TaxpayerAccountID>
					<nsSAFT:Analysis>
						<nsSAFT:AnalysisType>Analysi13</nsSAFT:AnalysisType>
						<nsSAFT:AnalysisID>AnalysisID13</nsSAFT:AnalysisID>
						<nsSAFT:AnalysisAmount>
							<nsSAFT:Amount>0</nsSAFT:Amount>
							<nsSAFT:CurrencyCode>BGN</nsSAFT:CurrencyCode>
							<nsSAFT:CurrencyAmount>0</nsSAFT:CurrencyAmount>
							<nsSAFT:ExchangeRate>1.00000</nsSAFT:ExchangeRate>
						</nsSAFT:AnalysisAmount>
					</nsSAFT:Analysis>
					<nsSAFT:ValueDate>2022-01-08</nsSAFT:ValueDate>
					<nsSAFT:SourceDocumentID>108029</nsSAFT:SourceDocumentID>
					<nsSAFT:CustomerID>0</nsSAFT:CustomerID>
					<nsSAFT:SupplierID>00295267495</nsSAFT:SupplierID>
					<nsSAFT:Description>Фактура за покупка</nsSAFT:Description>
					<nsSAFT:DebitAmount>
						<nsSAFT:Amount>440.00</nsSAFT:Amount>
						<nsSAFT:CurrencyCode>BGN</nsSAFT:CurrencyCode>
						<nsSAFT:CurrencyAmount>440.00</nsSAFT:CurrencyAmount>
						<nsSAFT:ExchangeRate>1.0000</nsSAFT:ExchangeRate>
					</nsSAFT:DebitAmount>
					<nsSAFT:TaxInformation>
						<nsSAFT:TaxType>100010</nsSAFT:TaxType>
						<nsSAFT:TaxCode>110010</nsSAFT:TaxCode>
						<nsSAFT:TaxPercentage>20</nsSAFT:TaxPercentage>
						<nsSAFT:TaxBase>2200.00</nsSAFT:TaxBase>
						<nsSAFT:TaxBaseDescription>Стандартна ставка на данъка</nsSAFT:TaxBaseDescription>
						<nsSAFT:TaxAmount>
							<nsSAFT:Amount>440.00</nsSAFT:Amount>
							<nsSAFT:CurrencyCode>BGN</nsSAFT:CurrencyCode>
							<nsSAFT:CurrencyAmount>440.00</nsSAFT:CurrencyAmount>
							<nsSAFT:ExchangeRate>1.00000</nsSAFT:ExchangeRate>
						</nsSAFT:TaxAmount>
						<nsSAFT:TaxExemptionReason/>
						<nsSAFT:TaxDeclarationPeriod>REF-VAT-DECL-01-2022</nsSAFT:TaxDeclarationPeriod>
					</nsSAFT:TaxInformation>
				</nsSAFT:TransactionLine>
				<nsSAFT:TransactionLine>
					<nsSAFT:RecordID>2785</nsSAFT:RecordID>
					<nsSAFT:AccountID>401</nsSAFT:AccountID>
					<nsSAFT:TaxpayerAccountID>5410</nsSAFT:TaxpayerAccountID>
					<nsSAFT:Analysis>
						<nsSAFT:AnalysisType>Analysi16</nsSAFT:AnalysisType>
						<nsSAFT:AnalysisID>AnalysisID16</nsSAFT:AnalysisID>
						<nsSAFT:AnalysisAmount>
							<nsSAFT:Amount>0</nsSAFT:Amount>
							<nsSAFT:CurrencyCode>BGN</nsSAFT:CurrencyCode>
							<nsSAFT:CurrencyAmount>0</nsSAFT:CurrencyAmount>
							<nsSAFT:ExchangeRate>1.00000</nsSAFT:ExchangeRate>
						</nsSAFT:AnalysisAmount>
					</nsSAFT:Analysis>
					<nsSAFT:ValueDate>2022-01-08</nsSAFT:ValueDate>
					<nsSAFT:SourceDocumentID>108029</nsSAFT:SourceDocumentID>
					<nsSAFT:CustomerID>0</nsSAFT:CustomerID>
					<nsSAFT:SupplierID>00295267495</nsSAFT:SupplierID>
					<nsSAFT:Description>Фактура за покупка</nsSAFT:Description>
					<nsSAFT:CreditAmount>
						<nsSAFT:Amount>2640.00</nsSAFT:Amount>
						<nsSAFT:CurrencyCode>BGN</nsSAFT:CurrencyCode>
						<nsSAFT:CurrencyAmount>2640.00</nsSAFT:CurrencyAmount>
						<nsSAFT:ExchangeRate>1.0000</nsSAFT:ExchangeRate>
					</nsSAFT:CreditAmount>
					<nsSAFT:TaxInformation>
						<nsSAFT:TaxType/>
						<nsSAFT:TaxCode/>
						<nsSAFT:TaxPercentage>0</nsSAFT:TaxPercentage>
						<nsSAFT:TaxBase>0</nsSAFT:TaxBase>
						<nsSAFT:TaxBaseDescription/>
						<nsSAFT:TaxAmount>
							<nsSAFT:Amount>0</nsSAFT:Amount>
							<nsSAFT:CurrencyCode>BGN</nsSAFT:CurrencyCode>
							<nsSAFT:CurrencyAmount>0</nsSAFT:CurrencyAmount>
							<nsSAFT:ExchangeRate>1.0000</nsSAFT:ExchangeRate>
						</nsSAFT:TaxAmount>
						<nsSAFT:TaxExemptionReason/>
						<nsSAFT:TaxDeclarationPeriod/>
					</nsSAFT:TaxInformation>
				</nsSAFT:TransactionLine>
				<nsSAFT:TransactionLine>
					<nsSAFT:RecordID>3181</nsSAFT:RecordID>
					<nsSAFT:AccountID>304</nsSAFT:AccountID>
					<nsSAFT:TaxpayerAccountID>2110</nsSAFT:TaxpayerAccountID>
					<nsSAFT:Analysis>
						<nsSAFT:AnalysisType>Analysi16</nsSAFT:AnalysisType>
						<nsSAFT:AnalysisID>AnalysisID16</nsSAFT:AnalysisID>
						<nsSAFT:AnalysisAmount>
							<nsSAFT:Amount>0</nsSAFT:Amount>
							<nsSAFT:CurrencyCode>BGN</nsSAFT:CurrencyCode>
							<nsSAFT:CurrencyAmount>0</nsSAFT:CurrencyAmount>
							<nsSAFT:ExchangeRate>1.00000</nsSAFT:ExchangeRate>
						</nsSAFT:AnalysisAmount>
					</nsSAFT:Analysis>
					<nsSAFT:ValueDate>2022-01-08</nsSAFT:ValueDate>
					<nsSAFT:SourceDocumentID>108029</nsSAFT:SourceDocumentID>
					<nsSAFT:CustomerID>0</nsSAFT:CustomerID>
					<nsSAFT:SupplierID>00295267495</nsSAFT:SupplierID>
					<nsSAFT:Description>Фактура за покупка</nsSAFT:Description>
					<nsSAFT:DebitAmount>
						<nsSAFT:Amount>2200.00</nsSAFT:Amount>
						<nsSAFT:CurrencyCode>BGN</nsSAFT:CurrencyCode>
						<nsSAFT:CurrencyAmount>2200.00</nsSAFT:CurrencyAmount>
						<nsSAFT:ExchangeRate>1.0000</nsSAFT:ExchangeRate>
					</nsSAFT:DebitAmount>
					<nsSAFT:TaxInformation>
						<nsSAFT:TaxType/>
						<nsSAFT:TaxCode/>
						<nsSAFT:TaxPercentage>0</nsSAFT:TaxPercentage>
						<nsSAFT:TaxBase>0</nsSAFT:TaxBase>
						<nsSAFT:TaxBaseDescription/>
						<nsSAFT:TaxAmount>
							<nsSAFT:Amount>0</nsSAFT:Amount>
							<nsSAFT:CurrencyCode>BGN</nsSAFT:CurrencyCode>
							<nsSAFT:CurrencyAmount>0</nsSAFT:CurrencyAmount>
							<nsSAFT:ExchangeRate>1.0000</nsSAFT:ExchangeRate>
						</nsSAFT:TaxAmount>
						<nsSAFT:TaxExemptionReason/>
						<nsSAFT:TaxDeclarationPeriod/>
					</nsSAFT:TaxInformation>
				</nsSAFT:TransactionLine>
				<nsSAFT:TransactionLine>
					<nsSAFT:RecordID>3182</nsSAFT:RecordID>
					<nsSAFT:AccountID>301</nsSAFT:AccountID>
					<nsSAFT:TaxpayerAccountID>7191</nsSAFT:TaxpayerAccountID>
					<nsSAFT:Analysis>
						<nsSAFT:AnalysisType>Analysi16</nsSAFT:AnalysisType>
						<nsSAFT:AnalysisID>AnalysisID16</nsSAFT:AnalysisID>
						<nsSAFT:AnalysisAmount>
							<nsSAFT:Amount>0</nsSAFT:Amount>
							<nsSAFT:CurrencyCode>BGN</nsSAFT:CurrencyCode>
							<nsSAFT:CurrencyAmount>0</nsSAFT:CurrencyAmount>
							<nsSAFT:ExchangeRate>1.00000</nsSAFT:ExchangeRate>
						</nsSAFT:AnalysisAmount>
					</nsSAFT:Analysis>
					<nsSAFT:ValueDate>2022-01-08</nsSAFT:ValueDate>
					<nsSAFT:SourceDocumentID>108029</nsSAFT:SourceDocumentID>
					<nsSAFT:CustomerID>0</nsSAFT:CustomerID>
					<nsSAFT:SupplierID>00295267495</nsSAFT:SupplierID>
					<nsSAFT:Description>Фактура за покупка</nsSAFT:Description>
					<nsSAFT:CreditAmount>
						<nsSAFT:Amount>2200.00</nsSAFT:Amount>
						<nsSAFT:CurrencyCode>BGN</nsSAFT:CurrencyCode>
						<nsSAFT:CurrencyAmount>2200.00</nsSAFT:CurrencyAmount>
						<nsSAFT:ExchangeRate>1.0000</nsSAFT:ExchangeRate>
					</nsSAFT:CreditAmount>
					<nsSAFT:TaxInformation>
						<nsSAFT:TaxType/>
						<nsSAFT:TaxCode/>
						<nsSAFT:TaxPercentage>0</nsSAFT:TaxPercentage>
						<nsSAFT:TaxBase>0</nsSAFT:TaxBase>
						<nsSAFT:TaxBaseDescription/>
						<nsSAFT:TaxAmount>
							<nsSAFT:Amount>0</nsSAFT:Amount>
							<nsSAFT:CurrencyCode>BGN</nsSAFT:CurrencyCode>
							<nsSAFT:CurrencyAmount>0</nsSAFT:CurrencyAmount>
							<nsSAFT:ExchangeRate>1.0000</nsSAFT:ExchangeRate>
						</nsSAFT:TaxAmount>
						<nsSAFT:TaxExemptionReason/>
						<nsSAFT:TaxDeclarationPeriod/>
					</nsSAFT:TaxInformation>
				</nsSAFT:TransactionLine>
			</nsSAFT:Transaction>
			<nsSAFT:Transaction>
				<nsSAFT:TransactionID>180</nsSAFT:TransactionID>
				<nsSAFT:Period>1</nsSAFT:Period>
				<nsSAFT:PeriodYear>2022</nsSAFT:PeriodYear>
				<nsSAFT:TransactionDate>2022-01-14</nsSAFT:TransactionDate>
				<nsSAFT:SourceID>1003</nsSAFT:SourceID>
				<nsSAFT:TransactionType>Normal</nsSAFT:TransactionType>
				<nsSAFT:Description>Фактура за продажба</nsSAFT:Description>
				<nsSAFT:BatchID>0</nsSAFT:BatchID>
				<nsSAFT:SystemEntryDate>2022-01-14</nsSAFT:SystemEntryDate>
				<nsSAFT:GLPostingDate>2022-01-14</nsSAFT:GLPostingDate>
				<nsSAFT:CustomerID>00533435789</nsSAFT:CustomerID>
				<nsSAFT:SupplierID>0</nsSAFT:SupplierID>
				<nsSAFT:SystemID>103021</nsSAFT:SystemID>
				<nsSAFT:TransactionLine>
					<nsSAFT:RecordID>2777</nsSAFT:RecordID>
					<nsSAFT:AccountID>702</nsSAFT:AccountID>
					<nsSAFT:TaxpayerAccountID>6110</nsSAFT:TaxpayerAccountID>
					<nsSAFT:Analysis>
						<nsSAFT:AnalysisType>Analysi19</nsSAFT:AnalysisType>
						<nsSAFT:AnalysisID>AnalysisID19</nsSAFT:AnalysisID>
						<nsSAFT:AnalysisAmount>
							<nsSAFT:Amount>0</nsSAFT:Amount>
							<nsSAFT:CurrencyCode>BGN</nsSAFT:CurrencyCode>
							<nsSAFT:CurrencyAmount>0</nsSAFT:CurrencyAmount>
							<nsSAFT:ExchangeRate>1.0000</nsSAFT:ExchangeRate>
						</nsSAFT:AnalysisAmount>
					</nsSAFT:Analysis>
					<nsSAFT:ValueDate>2022-01-14</nsSAFT:ValueDate>
					<nsSAFT:SourceDocumentID>103021</nsSAFT:SourceDocumentID>
					<nsSAFT:CustomerID>00533435789</nsSAFT:CustomerID>
<nsSAFT:SupplierID>0</nsSAFT:SupplierID>
					<nsSAFT:Description>Фактура за продажба</nsSAFT:Description>
					<nsSAFT:CreditAmount>
						<nsSAFT:Amount>2178.00</nsSAFT:Amount>
						<nsSAFT:CurrencyCode>BGN</nsSAFT:CurrencyCode>
						<nsSAFT:CurrencyAmount>2178.00</nsSAFT:CurrencyAmount>
						<nsSAFT:ExchangeRate>1.0000</nsSAFT:ExchangeRate>
					</nsSAFT:CreditAmount>
					<nsSAFT:TaxInformation>
						<nsSAFT:TaxType/>
						<nsSAFT:TaxCode/>
						<nsSAFT:TaxPercentage>0</nsSAFT:TaxPercentage>
						<nsSAFT:TaxBase>0</nsSAFT:TaxBase>
						<nsSAFT:TaxBaseDescription/>
						<nsSAFT:TaxAmount>
							<nsSAFT:Amount>0</nsSAFT:Amount>
							<nsSAFT:CurrencyCode>BGN</nsSAFT:CurrencyCode>
							<nsSAFT:CurrencyAmount>0</nsSAFT:CurrencyAmount>
							<nsSAFT:ExchangeRate>0</nsSAFT:ExchangeRate>
						</nsSAFT:TaxAmount>
						<nsSAFT:TaxExemptionReason/>
						<nsSAFT:TaxDeclarationPeriod/>
					</nsSAFT:TaxInformation>
				</nsSAFT:TransactionLine>
				<nsSAFT:TransactionLine>
					<nsSAFT:RecordID>2778</nsSAFT:RecordID>
					<nsSAFT:AccountID>4532</nsSAFT:AccountID>
					<nsSAFT:TaxpayerAccountID>5610</nsSAFT:TaxpayerAccountID>
					<nsSAFT:Analysis>
						<nsSAFT:AnalysisType>Analysi22</nsSAFT:AnalysisType>
						<nsSAFT:AnalysisID>AnalysisID22</nsSAFT:AnalysisID>
						<nsSAFT:AnalysisAmount>
							<nsSAFT:Amount>0</nsSAFT:Amount>
							<nsSAFT:CurrencyCode>BGN</nsSAFT:CurrencyCode>
							<nsSAFT:CurrencyAmount>0</nsSAFT:CurrencyAmount>
							<nsSAFT:ExchangeRate>1.0000</nsSAFT:ExchangeRate>
						</nsSAFT:AnalysisAmount>
					</nsSAFT:Analysis>
					<nsSAFT:ValueDate>2022-01-14</nsSAFT:ValueDate>
					<nsSAFT:SourceDocumentID>103021</nsSAFT:SourceDocumentID>
					<nsSAFT:CustomerID>00533435789</nsSAFT:CustomerID>
					<nsSAFT:SupplierID>0</nsSAFT:SupplierID>
					<nsSAFT:Description>Фактура за продажба</nsSAFT:Description>
					<nsSAFT:CreditAmount>
						<nsSAFT:Amount>435.60</nsSAFT:Amount>
						<nsSAFT:CurrencyCode>BGN</nsSAFT:CurrencyCode>
						<nsSAFT:CurrencyAmount>435.60</nsSAFT:CurrencyAmount>
						<nsSAFT:ExchangeRate>1.0000</nsSAFT:ExchangeRate>
					</nsSAFT:CreditAmount>
					<nsSAFT:TaxInformation>
						<nsSAFT:TaxType>100010</nsSAFT:TaxType>
						<nsSAFT:TaxCode>110010</nsSAFT:TaxCode>
						<nsSAFT:TaxPercentage>20</nsSAFT:TaxPercentage>
						<nsSAFT:TaxBase>2178.00</nsSAFT:TaxBase>
						<nsSAFT:TaxBaseDescription>Стандартна ставка на данъка</nsSAFT:TaxBaseDescription>
						<nsSAFT:TaxAmount>
							<nsSAFT:Amount>435.60</nsSAFT:Amount>
							<nsSAFT:CurrencyCode>BGN</nsSAFT:CurrencyCode>
							<nsSAFT:CurrencyAmount>435.60</nsSAFT:CurrencyAmount>
							<nsSAFT:ExchangeRate>1.0000</nsSAFT:ExchangeRate>
						</nsSAFT:TaxAmount>
						<nsSAFT:TaxExemptionReason/>
						<nsSAFT:TaxDeclarationPeriod/>
					</nsSAFT:TaxInformation>
				</nsSAFT:TransactionLine>
				<nsSAFT:TransactionLine>
					<nsSAFT:RecordID>2779</nsSAFT:RecordID>
					<nsSAFT:AccountID>411</nsSAFT:AccountID>
					<nsSAFT:TaxpayerAccountID>2310</nsSAFT:TaxpayerAccountID>
					<nsSAFT:Analysis>
						<nsSAFT:AnalysisType>Analysi25</nsSAFT:AnalysisType>
						<nsSAFT:AnalysisID>AnalysisID25</nsSAFT:AnalysisID>
						<nsSAFT:AnalysisAmount>
							<nsSAFT:Amount>0</nsSAFT:Amount>
							<nsSAFT:CurrencyCode>BGN</nsSAFT:CurrencyCode>
							<nsSAFT:CurrencyAmount>0</nsSAFT:CurrencyAmount>
							<nsSAFT:ExchangeRate>1.0000</nsSAFT:ExchangeRate>
						</nsSAFT:AnalysisAmount>
					</nsSAFT:Analysis>
					<nsSAFT:ValueDate>2022-01-14</nsSAFT:ValueDate>
					<nsSAFT:SourceDocumentID>103021</nsSAFT:SourceDocumentID>
					<nsSAFT:CustomerID>00533435789</nsSAFT:CustomerID>
					<nsSAFT:SupplierID>0</nsSAFT:SupplierID>
					<nsSAFT:Description>Фактура за продажба</nsSAFT:Description>
					<nsSAFT:DebitAmount>
						<nsSAFT:Amount>2613.60</nsSAFT:Amount>
						<nsSAFT:CurrencyCode>BGN</nsSAFT:CurrencyCode>
						<nsSAFT:CurrencyAmount>2613.60</nsSAFT:CurrencyAmount>
						<nsSAFT:ExchangeRate>1.0000</nsSAFT:ExchangeRate>
					</nsSAFT:DebitAmount>
					<nsSAFT:TaxInformation>
						<nsSAFT:TaxType/>
						<nsSAFT:TaxCode/>
						<nsSAFT:TaxPercentage>0</nsSAFT:TaxPercentage>
						<nsSAFT:TaxBase>0</nsSAFT:TaxBase>
						<nsSAFT:TaxBaseDescription/>
						<nsSAFT:TaxAmount>
							<nsSAFT:Amount>0</nsSAFT:Amount>
							<nsSAFT:CurrencyCode>BGN</nsSAFT:CurrencyCode>
							<nsSAFT:CurrencyAmount>0</nsSAFT:CurrencyAmount>
							<nsSAFT:ExchangeRate>0</nsSAFT:ExchangeRate>
						</nsSAFT:TaxAmount>
						<nsSAFT:TaxExemptionReason/>
						<nsSAFT:TaxDeclarationPeriod/>
					</nsSAFT:TaxInformation>
				</nsSAFT:TransactionLine>
				<nsSAFT:TransactionLine>
					<nsSAFT:RecordID>3175</nsSAFT:RecordID>
					<nsSAFT:AccountID>304</nsSAFT:AccountID>
					<nsSAFT:TaxpayerAccountID>2110</nsSAFT:TaxpayerAccountID>
					<nsSAFT:Analysis>
						<nsSAFT:AnalysisType>Analysi25</nsSAFT:AnalysisType>
						<nsSAFT:AnalysisID>AnalysisID25</nsSAFT:AnalysisID>
						<nsSAFT:AnalysisAmount>
							<nsSAFT:Amount>0</nsSAFT:Amount>
							<nsSAFT:CurrencyCode>BGN</nsSAFT:CurrencyCode>
							<nsSAFT:CurrencyAmount>0</nsSAFT:CurrencyAmount>
							<nsSAFT:ExchangeRate>1.0000</nsSAFT:ExchangeRate>
						</nsSAFT:AnalysisAmount>
					</nsSAFT:Analysis>
					<nsSAFT:ValueDate>2022-01-14</nsSAFT:ValueDate>
					<nsSAFT:SourceDocumentID>103021</nsSAFT:SourceDocumentID>
					<nsSAFT:CustomerID>00533435789</nsSAFT:CustomerID>
					<nsSAFT:SupplierID>0</nsSAFT:SupplierID>
					<nsSAFT:Description>Фактура за продажба</nsSAFT:Description>
					<nsSAFT:CreditAmount>
						<nsSAFT:Amount>720.00</nsSAFT:Amount>
						<nsSAFT:CurrencyCode>BGN</nsSAFT:CurrencyCode>
						<nsSAFT:CurrencyAmount>720.00</nsSAFT:CurrencyAmount>
						<nsSAFT:ExchangeRate>1.0000</nsSAFT:ExchangeRate>
					</nsSAFT:CreditAmount>
					<nsSAFT:TaxInformation>
						<nsSAFT:TaxType/>
						<nsSAFT:TaxCode/>
						<nsSAFT:TaxPercentage>0</nsSAFT:TaxPercentage>
						<nsSAFT:TaxBase>0</nsSAFT:TaxBase>
						<nsSAFT:TaxBaseDescription/>
						<nsSAFT:TaxAmount>
							<nsSAFT:Amount>0</nsSAFT:Amount>
							<nsSAFT:CurrencyCode>BGN</nsSAFT:CurrencyCode>
							<nsSAFT:CurrencyAmount>0</nsSAFT:CurrencyAmount>
							<nsSAFT:ExchangeRate>0</nsSAFT:ExchangeRate>
						</nsSAFT:TaxAmount>
						<nsSAFT:TaxExemptionReason/>
						<nsSAFT:TaxDeclarationPeriod/>
					</nsSAFT:TaxInformation>
				</nsSAFT:TransactionLine>
				<nsSAFT:TransactionLine>
					<nsSAFT:RecordID>3176</nsSAFT:RecordID>
					<nsSAFT:AccountID>702</nsSAFT:AccountID>
					<nsSAFT:TaxpayerAccountID>7190</nsSAFT:TaxpayerAccountID>
					<nsSAFT:Analysis>
						<nsSAFT:AnalysisType>Analysi25</nsSAFT:AnalysisType>
						<nsSAFT:AnalysisID>AnalysisID25</nsSAFT:AnalysisID>
						<nsSAFT:AnalysisAmount>
							<nsSAFT:Amount>0</nsSAFT:Amount>
							<nsSAFT:CurrencyCode>BGN</nsSAFT:CurrencyCode>
							<nsSAFT:CurrencyAmount>0</nsSAFT:CurrencyAmount>
							<nsSAFT:ExchangeRate>1.0000</nsSAFT:ExchangeRate>
						</nsSAFT:AnalysisAmount>
					</nsSAFT:Analysis>
					<nsSAFT:ValueDate>2022-01-14</nsSAFT:ValueDate>
					<nsSAFT:SourceDocumentID>103021</nsSAFT:SourceDocumentID>
					<nsSAFT:CustomerID>00533435789</nsSAFT:CustomerID>
					<nsSAFT:SupplierID>0</nsSAFT:SupplierID>
					<nsSAFT:Description>Фактура за продажба</nsSAFT:Description>
					<nsSAFT:DebitAmount>
						<nsSAFT:Amount>720.00</nsSAFT:Amount>
						<nsSAFT:CurrencyCode>BGN</nsSAFT:CurrencyCode>
						<nsSAFT:CurrencyAmount>720.00</nsSAFT:CurrencyAmount>
						<nsSAFT:ExchangeRate>1.0000</nsSAFT:ExchangeRate>
					</nsSAFT:DebitAmount>
					<nsSAFT:TaxInformation>
						<nsSAFT:TaxType/>
						<nsSAFT:TaxCode/>
						<nsSAFT:TaxPercentage>0</nsSAFT:TaxPercentage>
						<nsSAFT:TaxBase>0</nsSAFT:TaxBase>
						<nsSAFT:TaxBaseDescription/>
						<nsSAFT:TaxAmount>
							<nsSAFT:Amount>0</nsSAFT:Amount>
							<nsSAFT:CurrencyCode>BGN</nsSAFT:CurrencyCode>
							<nsSAFT:CurrencyAmount>0</nsSAFT:CurrencyAmount>
							<nsSAFT:ExchangeRate>0</nsSAFT:ExchangeRate>
						</nsSAFT:TaxAmount>
						<nsSAFT:TaxExemptionReason/>
						<nsSAFT:TaxDeclarationPeriod/>
					</nsSAFT:TaxInformation>
				</nsSAFT:TransactionLine>
				<nsSAFT:TransactionLine>
					<nsSAFT:RecordID>3189</nsSAFT:RecordID>
					<nsSAFT:AccountID>304</nsSAFT:AccountID>
					<nsSAFT:TaxpayerAccountID>2110</nsSAFT:TaxpayerAccountID>
					<nsSAFT:Analysis>
						<nsSAFT:AnalysisType>Analysi25</nsSAFT:AnalysisType>
						<nsSAFT:AnalysisID>AnalysisID25</nsSAFT:AnalysisID>
						<nsSAFT:AnalysisAmount>
							<nsSAFT:Amount>0</nsSAFT:Amount>
							<nsSAFT:CurrencyCode>BGN</nsSAFT:CurrencyCode>
							<nsSAFT:CurrencyAmount>0</nsSAFT:CurrencyAmount>
							<nsSAFT:ExchangeRate>1.0000</nsSAFT:ExchangeRate>
						</nsSAFT:AnalysisAmount>
					</nsSAFT:Analysis>
					<nsSAFT:ValueDate>2022-01-14</nsSAFT:ValueDate>
					<nsSAFT:SourceDocumentID>103021</nsSAFT:SourceDocumentID>
					<nsSAFT:CustomerID>00533435789</nsSAFT:CustomerID>
					<nsSAFT:SupplierID>0</nsSAFT:SupplierID>
					<nsSAFT:Description>Фактура за продажба</nsSAFT:Description>
					<nsSAFT:CreditAmount>
						<nsSAFT:Amount>250.00</nsSAFT:Amount>
						<nsSAFT:CurrencyCode>BGN</nsSAFT:CurrencyCode>
						<nsSAFT:CurrencyAmount>250.00</nsSAFT:CurrencyAmount>
						<nsSAFT:ExchangeRate>1.0000</nsSAFT:ExchangeRate>
					</nsSAFT:CreditAmount>
					<nsSAFT:TaxInformation>
						<nsSAFT:TaxType/>
						<nsSAFT:TaxCode/>
						<nsSAFT:TaxPercentage>0</nsSAFT:TaxPercentage>
						<nsSAFT:TaxBase>0</nsSAFT:TaxBase>
						<nsSAFT:TaxBaseDescription/>
						<nsSAFT:TaxAmount>
							<nsSAFT:Amount>0</nsSAFT:Amount>
							<nsSAFT:CurrencyCode>BGN</nsSAFT:CurrencyCode>
							<nsSAFT:CurrencyAmount>0</nsSAFT:CurrencyAmount>
							<nsSAFT:ExchangeRate>0</nsSAFT:ExchangeRate>
						</nsSAFT:TaxAmount>
						<nsSAFT:TaxExemptionReason/>
						<nsSAFT:TaxDeclarationPeriod/>
					</nsSAFT:TaxInformation>
				</nsSAFT:TransactionLine>
				<nsSAFT:TransactionLine>
					<nsSAFT:RecordID>3190</nsSAFT:RecordID>
					<nsSAFT:AccountID>702</nsSAFT:AccountID>
					<nsSAFT:TaxpayerAccountID>7190</nsSAFT:TaxpayerAccountID>
					<nsSAFT:Analysis>
						<nsSAFT:AnalysisType>Analysi25</nsSAFT:AnalysisType>
						<nsSAFT:AnalysisID>AnalysisID25</nsSAFT:AnalysisID>
						<nsSAFT:AnalysisAmount>
							<nsSAFT:Amount>0</nsSAFT:Amount>
							<nsSAFT:CurrencyCode>BGN</nsSAFT:CurrencyCode>
							<nsSAFT:CurrencyAmount>0</nsSAFT:CurrencyAmount>
							<nsSAFT:ExchangeRate>1.0000</nsSAFT:ExchangeRate>
						</nsSAFT:AnalysisAmount>
					</nsSAFT:Analysis>
					<nsSAFT:ValueDate>2022-01-14</nsSAFT:ValueDate>
					<nsSAFT:SourceDocumentID>103021</nsSAFT:SourceDocumentID>
					<nsSAFT:CustomerID>00533435789</nsSAFT:CustomerID>
					<nsSAFT:SupplierID>0</nsSAFT:SupplierID>
					<nsSAFT:Description>Фактура за продажба</nsSAFT:Description>
					<nsSAFT:DebitAmount>
						<nsSAFT:Amount>250.00</nsSAFT:Amount>
						<nsSAFT:CurrencyCode>BGN</nsSAFT:CurrencyCode>
						<nsSAFT:CurrencyAmount>250.00</nsSAFT:CurrencyAmount>
						<nsSAFT:ExchangeRate>1.0000</nsSAFT:ExchangeRate>
					</nsSAFT:DebitAmount>
					<nsSAFT:TaxInformation>
						<nsSAFT:TaxType/>
						<nsSAFT:TaxCode/>
						<nsSAFT:TaxPercentage>0</nsSAFT:TaxPercentage>
						<nsSAFT:TaxBase>0</nsSAFT:TaxBase>
						<nsSAFT:TaxBaseDescription/>
						<nsSAFT:TaxAmount>
							<nsSAFT:Amount>0</nsSAFT:Amount>
							<nsSAFT:CurrencyCode>BGN</nsSAFT:CurrencyCode>
							<nsSAFT:CurrencyAmount>0</nsSAFT:CurrencyAmount>
							<nsSAFT:ExchangeRate>0</nsSAFT:ExchangeRate>
						</nsSAFT:TaxAmount>
						<nsSAFT:TaxExemptionReason/>
						<nsSAFT:TaxDeclarationPeriod/>
					</nsSAFT:TaxInformation>
				</nsSAFT:TransactionLine>
			</nsSAFT:Transaction>
			<nsSAFT:Transaction>
				<nsSAFT:TransactionID>300</nsSAFT:TransactionID>
				<nsSAFT:Period>1</nsSAFT:Period>
				<nsSAFT:PeriodYear>2022</nsSAFT:PeriodYear>
				<nsSAFT:TransactionDate>2022-01-24</nsSAFT:TransactionDate>
				<nsSAFT:SourceID>G04001</nsSAFT:SourceID>
				<nsSAFT:TransactionType>Normal</nsSAFT:TransactionType>
				<nsSAFT:Description>Плащане</nsSAFT:Description>
				<nsSAFT:BatchID>0</nsSAFT:BatchID>
				<nsSAFT:SystemEntryDate>2022-01-24</nsSAFT:SystemEntryDate>
				<nsSAFT:GLPostingDate>2022-01-24</nsSAFT:GLPostingDate>
				<nsSAFT:CustomerID>0</nsSAFT:CustomerID>
				<nsSAFT:SupplierID>00295267495</nsSAFT:SupplierID>
				<nsSAFT:SystemID>G04001</nsSAFT:SystemID>
				<nsSAFT:TransactionLine>
					<nsSAFT:RecordID>3195</nsSAFT:RecordID>
					<nsSAFT:AccountID>503</nsSAFT:AccountID>
					<nsSAFT:TaxpayerAccountID>2920</nsSAFT:TaxpayerAccountID>
					<nsSAFT:Analysis>
						<nsSAFT:AnalysisType>Analysi19</nsSAFT:AnalysisType>
						<nsSAFT:AnalysisID>AnalysisID19</nsSAFT:AnalysisID>
						<nsSAFT:AnalysisAmount>
							<nsSAFT:Amount>0</nsSAFT:Amount>
							<nsSAFT:CurrencyCode>BGN</nsSAFT:CurrencyCode>
							<nsSAFT:CurrencyAmount>0</nsSAFT:CurrencyAmount>
							<nsSAFT:ExchangeRate>1.0000</nsSAFT:ExchangeRate>
						</nsSAFT:AnalysisAmount>
					</nsSAFT:Analysis>
					<nsSAFT:ValueDate>2022-01-24</nsSAFT:ValueDate>
					<nsSAFT:SourceDocumentID>G04001</nsSAFT:SourceDocumentID>
					<nsSAFT:CustomerID>0</nsSAFT:CustomerID>
					<nsSAFT:SupplierID>00295267495</nsSAFT:SupplierID>
					<nsSAFT:Description>Плащане</nsSAFT:Description>
					<nsSAFT:CreditAmount>
						<nsSAFT:Amount>2640.00</nsSAFT:Amount>
						<nsSAFT:CurrencyCode>BGN</nsSAFT:CurrencyCode>
						<nsSAFT:CurrencyAmount>2640.00</nsSAFT:CurrencyAmount>
						<nsSAFT:ExchangeRate>1.0000</nsSAFT:ExchangeRate>
					</nsSAFT:CreditAmount>
					<nsSAFT:TaxInformation>
						<nsSAFT:TaxType/>
						<nsSAFT:TaxCode/>
						<nsSAFT:TaxPercentage>0</nsSAFT:TaxPercentage>
						<nsSAFT:TaxBase>0</nsSAFT:TaxBase>
						<nsSAFT:TaxBaseDescription/>
						<nsSAFT:TaxAmount>
							<nsSAFT:Amount>0</nsSAFT:Amount>
							<nsSAFT:CurrencyCode>BGN</nsSAFT:CurrencyCode>
							<nsSAFT:CurrencyAmount>0</nsSAFT:CurrencyAmount>
							<nsSAFT:ExchangeRate>0</nsSAFT:ExchangeRate>
						</nsSAFT:TaxAmount>
						<nsSAFT:TaxExemptionReason/>
						<nsSAFT:TaxDeclarationPeriod/>
					</nsSAFT:TaxInformation>
				</nsSAFT:TransactionLine>
				<nsSAFT:TransactionLine>
					<nsSAFT:RecordID>3196</nsSAFT:RecordID>
					<nsSAFT:AccountID>401</nsSAFT:AccountID>
					<nsSAFT:TaxpayerAccountID>5410</nsSAFT:TaxpayerAccountID>
					<nsSAFT:Analysis>
						<nsSAFT:AnalysisType>Analysi22</nsSAFT:AnalysisType>
						<nsSAFT:AnalysisID>AnalysisID22</nsSAFT:AnalysisID>
						<nsSAFT:AnalysisAmount>
							<nsSAFT:Amount>0</nsSAFT:Amount>
							<nsSAFT:CurrencyCode>BGN</nsSAFT:CurrencyCode>
							<nsSAFT:CurrencyAmount>0</nsSAFT:CurrencyAmount>
							<nsSAFT:ExchangeRate>1.0000</nsSAFT:ExchangeRate>
						</nsSAFT:AnalysisAmount>
					</nsSAFT:Analysis>
					<nsSAFT:ValueDate>2022-01-24</nsSAFT:ValueDate>
					<nsSAFT:SourceDocumentID>G04001</nsSAFT:SourceDocumentID>
					<nsSAFT:CustomerID>0</nsSAFT:CustomerID>
					<nsSAFT:SupplierID>00295267495</nsSAFT:SupplierID>
					<nsSAFT:Description>Плащане</nsSAFT:Description>
					<nsSAFT:DebitAmount>
						<nsSAFT:Amount>2640.00</nsSAFT:Amount>
						<nsSAFT:CurrencyCode>BGN</nsSAFT:CurrencyCode>
						<nsSAFT:CurrencyAmount>2640.00</nsSAFT:CurrencyAmount>
						<nsSAFT:ExchangeRate>1.0000</nsSAFT:ExchangeRate>
					</nsSAFT:DebitAmount>
					<nsSAFT:TaxInformation>
						<nsSAFT:TaxType/>
						<nsSAFT:TaxCode/>
						<nsSAFT:TaxPercentage>0</nsSAFT:TaxPercentage>
						<nsSAFT:TaxBase>0</nsSAFT:TaxBase>
						<nsSAFT:TaxBaseDescription/>
						<nsSAFT:TaxAmount>
							<nsSAFT:Amount>0</nsSAFT:Amount>
							<nsSAFT:CurrencyCode>BGN</nsSAFT:CurrencyCode>
							<nsSAFT:CurrencyAmount>0</nsSAFT:CurrencyAmount>
							<nsSAFT:ExchangeRate>0</nsSAFT:ExchangeRate>
						</nsSAFT:TaxAmount>
						<nsSAFT:TaxExemptionReason/>
						<nsSAFT:TaxDeclarationPeriod/>
					</nsSAFT:TaxInformation>
				</nsSAFT:TransactionLine>
			</nsSAFT:Transaction>
			<nsSAFT:Transaction>
				<nsSAFT:TransactionID>301</nsSAFT:TransactionID>
				<nsSAFT:Period>1</nsSAFT:Period>
				<nsSAFT:PeriodYear>2022</nsSAFT:PeriodYear>
				<nsSAFT:TransactionDate>2022-01-24</nsSAFT:TransactionDate>
				<nsSAFT:SourceID>G04002</nsSAFT:SourceID>
				<nsSAFT:TransactionType>Normal</nsSAFT:TransactionType>
				<nsSAFT:Description>Плащане</nsSAFT:Description>
				<nsSAFT:BatchID>0</nsSAFT:BatchID>
				<nsSAFT:SystemEntryDate>2022-01-24</nsSAFT:SystemEntryDate>
				<nsSAFT:GLPostingDate>2022-01-24</nsSAFT:GLPostingDate>
				<nsSAFT:CustomerID>0</nsSAFT:CustomerID>
				<nsSAFT:SupplierID>00295267495</nsSAFT:SupplierID>
				<nsSAFT:SystemID>G04002</nsSAFT:SystemID>
				<nsSAFT:TransactionLine>
					<nsSAFT:RecordID>3197</nsSAFT:RecordID>
					<nsSAFT:AccountID>503</nsSAFT:AccountID>
					<nsSAFT:TaxpayerAccountID>2920</nsSAFT:TaxpayerAccountID>
					<nsSAFT:Analysis>
						<nsSAFT:AnalysisType>Analysi19</nsSAFT:AnalysisType>
						<nsSAFT:AnalysisID>AnalysisID19</nsSAFT:AnalysisID>
						<nsSAFT:AnalysisAmount>
							<nsSAFT:Amount>0</nsSAFT:Amount>
							<nsSAFT:CurrencyCode>BGN</nsSAFT:CurrencyCode>
							<nsSAFT:CurrencyAmount>0</nsSAFT:CurrencyAmount>
							<nsSAFT:ExchangeRate>1.0000</nsSAFT:ExchangeRate>
						</nsSAFT:AnalysisAmount>
					</nsSAFT:Analysis>
					<nsSAFT:ValueDate>2022-01-14</nsSAFT:ValueDate>
					<nsSAFT:SourceDocumentID>G04002</nsSAFT:SourceDocumentID>
					<nsSAFT:CustomerID>0</nsSAFT:CustomerID>
					<nsSAFT:SupplierID>00295267495</nsSAFT:SupplierID>
					<nsSAFT:Description>Плащане</nsSAFT:Description>
					<nsSAFT:CreditAmount>
						<nsSAFT:Amount>3000.00</nsSAFT:Amount>
						<nsSAFT:CurrencyCode>BGN</nsSAFT:CurrencyCode>
						<nsSAFT:CurrencyAmount>3000.00</nsSAFT:CurrencyAmount>
						<nsSAFT:ExchangeRate>1.0000</nsSAFT:ExchangeRate>
					</nsSAFT:CreditAmount>
					<nsSAFT:TaxInformation>
						<nsSAFT:TaxType/>
						<nsSAFT:TaxCode/>
						<nsSAFT:TaxPercentage>0</nsSAFT:TaxPercentage>
						<nsSAFT:TaxBase>0</nsSAFT:TaxBase>
						<nsSAFT:TaxBaseDescription/>
						<nsSAFT:TaxAmount>
							<nsSAFT:Amount>0</nsSAFT:Amount>
							<nsSAFT:CurrencyCode>BGN</nsSAFT:CurrencyCode>
							<nsSAFT:CurrencyAmount>0</nsSAFT:CurrencyAmount>
							<nsSAFT:ExchangeRate>0</nsSAFT:ExchangeRate>
						</nsSAFT:TaxAmount>
						<nsSAFT:TaxExemptionReason/>
						<nsSAFT:TaxDeclarationPeriod/>
					</nsSAFT:TaxInformation>
				</nsSAFT:TransactionLine>
				<nsSAFT:TransactionLine>
					<nsSAFT:RecordID>3198</nsSAFT:RecordID>
					<nsSAFT:AccountID>401</nsSAFT:AccountID>
					<nsSAFT:TaxpayerAccountID>5410</nsSAFT:TaxpayerAccountID>
					<nsSAFT:Analysis>
						<nsSAFT:AnalysisType>Analysi22</nsSAFT:AnalysisType>
						<nsSAFT:AnalysisID>AnalysisID22</nsSAFT:AnalysisID>
						<nsSAFT:AnalysisAmount>
							<nsSAFT:Amount>0</nsSAFT:Amount>
							<nsSAFT:CurrencyCode>BGN</nsSAFT:CurrencyCode>
							<nsSAFT:CurrencyAmount>0</nsSAFT:CurrencyAmount>
							<nsSAFT:ExchangeRate>1.0000</nsSAFT:ExchangeRate>
						</nsSAFT:AnalysisAmount>
					</nsSAFT:Analysis>
					<nsSAFT:ValueDate>2022-01-14</nsSAFT:ValueDate>
					<nsSAFT:SourceDocumentID>G04002</nsSAFT:SourceDocumentID>
					<nsSAFT:CustomerID>0</nsSAFT:CustomerID>
					<nsSAFT:SupplierID>00295267495</nsSAFT:SupplierID>
					<nsSAFT:Description>Плащане</nsSAFT:Description>
					<nsSAFT:DebitAmount>
						<nsSAFT:Amount>3000.00</nsSAFT:Amount>
						<nsSAFT:CurrencyCode>BGN</nsSAFT:CurrencyCode>
						<nsSAFT:CurrencyAmount>3000.00</nsSAFT:CurrencyAmount>
						<nsSAFT:ExchangeRate>1.0000</nsSAFT:ExchangeRate>
					</nsSAFT:DebitAmount>
					<nsSAFT:TaxInformation>
						<nsSAFT:TaxType/>
						<nsSAFT:TaxCode/>
						<nsSAFT:TaxPercentage>0</nsSAFT:TaxPercentage>
						<nsSAFT:TaxBase>0</nsSAFT:TaxBase>
						<nsSAFT:TaxBaseDescription/>
						<nsSAFT:TaxAmount>
							<nsSAFT:Amount>0</nsSAFT:Amount>
							<nsSAFT:CurrencyCode>BGN</nsSAFT:CurrencyCode>
							<nsSAFT:CurrencyAmount>0</nsSAFT:CurrencyAmount>
							<nsSAFT:ExchangeRate>0</nsSAFT:ExchangeRate>
						</nsSAFT:TaxAmount>
						<nsSAFT:TaxExemptionReason/>
						<nsSAFT:TaxDeclarationPeriod/>
					</nsSAFT:TaxInformation>
				</nsSAFT:TransactionLine>
			</nsSAFT:Transaction>
		</nsSAFT:Journal> 
	</nsSAFT:GeneralLedgerEntries>
	<nsSAFT:SourceDocumentsMonthly>
		<nsSAFT:SalesInvoices>
			<nsSAFT:NumberOfEntries>1</nsSAFT:NumberOfEntries>
			<nsSAFT:TotalDebit>2613.60</nsSAFT:TotalDebit>
			<nsSAFT:TotalCredit>2613.60</nsSAFT:TotalCredit>
			<nsSAFT:Invoice>
				<nsSAFT:InvoiceNo>1003</nsSAFT:InvoiceNo>
				<nsSAFT:CustomerInfo>
					<nsSAFT:CustomerID>00533435789</nsSAFT:CustomerID>
					<nsSAFT:Name>Name</nsSAFT:Name>
					<nsSAFT:BillingAddress>
						<nsSAFT:City>София</nsSAFT:City>
						<nsSAFT:Country>BG</nsSAFT:Country>
					</nsSAFT:BillingAddress>
				</nsSAFT:CustomerInfo>
				<nsSAFT:AccountID>411</nsSAFT:AccountID>
				<nsSAFT:BranchStoreNumber>0</nsSAFT:BranchStoreNumber>
				<nsSAFT:Period>1</nsSAFT:Period>
				<nsSAFT:PeriodYear>2022</nsSAFT:PeriodYear>
				<nsSAFT:InvoiceDate>2022-01-14</nsSAFT:InvoiceDate>
				<nsSAFT:InvoiceType>01</nsSAFT:InvoiceType>
				<nsSAFT:ShipTo>
					<nsSAFT:DeliveryID/>
					<nsSAFT:DeliveryDate>2022-01-14</nsSAFT:DeliveryDate>
					<nsSAFT:WarehouseID/>
					<nsSAFT:LocationID/>
					<nsSAFT:UCR/>
					<nsSAFT:Address>
						<nsSAFT:City>София</nsSAFT:City>
						<nsSAFT:Country>BG</nsSAFT:Country>
					</nsSAFT:Address>
				</nsSAFT:ShipTo>
				<nsSAFT:ShipFrom>
					<nsSAFT:DeliveryID/>
					<nsSAFT:DeliveryDate>2022-01-14</nsSAFT:DeliveryDate>
					<nsSAFT:WarehouseID/>
					<nsSAFT:LocationID/>
					<nsSAFT:UCR/>
					<nsSAFT:Address>
						<nsSAFT:City>София</nsSAFT:City>
						<nsSAFT:Country>BG</nsSAFT:Country>
					</nsSAFT:Address>
				</nsSAFT:ShipFrom>
				<nsSAFT:PaymentTerms>10 дни</nsSAFT:PaymentTerms>
				<nsSAFT:SelfBillingIndicator>Y</nsSAFT:SelfBillingIndicator>
				<nsSAFT:SourceID>TestSoftware</nsSAFT:SourceID>
				<nsSAFT:GLPostingDate>2022-01-14</nsSAFT:GLPostingDate>
				<nsSAFT:BatchID>0</nsSAFT:BatchID>
				<nsSAFT:SystemID>103021</nsSAFT:SystemID>
				<nsSAFT:TransactionID>180</nsSAFT:TransactionID>
				<nsSAFT:ReceiptNumbers/>
				<nsSAFT:InvoiceLine>
					<nsSAFT:LineNumber>1</nsSAFT:LineNumber>
					<nsSAFT:AccountID>702</nsSAFT:AccountID>
					<nsSAFT:Analysis>
						<nsSAFT:AnalysisType>AnalysisT</nsSAFT:AnalysisType>
						<nsSAFT:AnalysisID>AnalysisID18</nsSAFT:AnalysisID>
					</nsSAFT:Analysis>
					<nsSAFT:OrderReferences> </nsSAFT:OrderReferences>
					<nsSAFT:ShipTo/>
					<nsSAFT:ShipFrom/>
					<nsSAFT:GoodsServicesID>01</nsSAFT:GoodsServicesID>
					<nsSAFT:ProductCode>8908-W</nsSAFT:ProductCode>
					<nsSAFT:ProductDescription>Компютър - модерен пакет</nsSAFT:ProductDescription>
					<nsSAFT:Delivery>
						<nsSAFT:DeliveryDate>2022-01-14</nsSAFT:DeliveryDate>
					</nsSAFT:Delivery>
					<nsSAFT:Quantity>3</nsSAFT:Quantity>
					<nsSAFT:InvoiceUOM>H87</nsSAFT:InvoiceUOM>
					<nsSAFT:UOMToUOMBaseConversionFactor>1</nsSAFT:UOMToUOMBaseConversionFactor>
					<nsSAFT:UnitPrice>361.00</nsSAFT:UnitPrice>
					<nsSAFT:TaxPointDate>2022-01-14</nsSAFT:TaxPointDate>
					<nsSAFT:References> </nsSAFT:References>
					<nsSAFT:Description>Продажба</nsSAFT:Description>
					<nsSAFT:InvoiceLineAmount>
						<nsSAFT:Amount>1083.00</nsSAFT:Amount>
						<nsSAFT:CurrencyCode>BGN</nsSAFT:CurrencyCode>
						<nsSAFT:CurrencyAmount>1083.00</nsSAFT:CurrencyAmount>
					</nsSAFT:InvoiceLineAmount>
					<nsSAFT:DebitCreditIndicator>C</nsSAFT:DebitCreditIndicator>
					<nsSAFT:ShippingCostsAmount>
						<nsSAFT:Amount>0.00</nsSAFT:Amount>
						<nsSAFT:CurrencyCode>BGN</nsSAFT:CurrencyCode>
						<nsSAFT:CurrencyAmount>0.00</nsSAFT:CurrencyAmount>
					</nsSAFT:ShippingCostsAmount>
					<nsSAFT:TaxInformation>
						<nsSAFT:TaxType>100010</nsSAFT:TaxType>
						<nsSAFT:TaxCode>110010</nsSAFT:TaxCode>
						<nsSAFT:TaxAmount>
							<nsSAFT:Amount>216.60</nsSAFT:Amount>
							<nsSAFT:CurrencyCode>BGN</nsSAFT:CurrencyCode>
							<nsSAFT:CurrencyAmount>216.60</nsSAFT:CurrencyAmount>
						</nsSAFT:TaxAmount>
					</nsSAFT:TaxInformation>
				</nsSAFT:InvoiceLine>
				<nsSAFT:InvoiceLine>
					<nsSAFT:LineNumber>2</nsSAFT:LineNumber>
					<nsSAFT:AccountID>702</nsSAFT:AccountID>
					<nsSAFT:Analysis>
						<nsSAFT:AnalysisType>AnalysisT</nsSAFT:AnalysisType>
						<nsSAFT:AnalysisID>AnalysisID20</nsSAFT:AnalysisID>
					</nsSAFT:Analysis>
					<nsSAFT:OrderReferences> </nsSAFT:OrderReferences>
					<nsSAFT:ShipTo/>
					<nsSAFT:ShipFrom/>
					<nsSAFT:GoodsServicesID>01</nsSAFT:GoodsServicesID>
					<nsSAFT:ProductCode>8924-W</nsSAFT:ProductCode>
					<nsSAFT:ProductDescription>Сървър - корпоративен пакет</nsSAFT:ProductDescription>
					<nsSAFT:Delivery>
						<nsSAFT:MovementReference>MOVE_REF_1</nsSAFT:MovementReference>
					</nsSAFT:Delivery>
					<nsSAFT:Quantity>1</nsSAFT:Quantity>
					<nsSAFT:InvoiceUOM>H87</nsSAFT:InvoiceUOM>
					<nsSAFT:UOMToUOMBaseConversionFactor>1</nsSAFT:UOMToUOMBaseConversionFactor>
					<nsSAFT:UnitPrice>1095.00</nsSAFT:UnitPrice>
					<nsSAFT:TaxPointDate>2022-01-14</nsSAFT:TaxPointDate>
					<nsSAFT:References> </nsSAFT:References>
					<nsSAFT:Description>Продажба</nsSAFT:Description>
					<nsSAFT:InvoiceLineAmount>
						<nsSAFT:Amount>0.00</nsSAFT:Amount>
						<nsSAFT:CurrencyCode>Cur</nsSAFT:CurrencyCode>
						<nsSAFT:CurrencyAmount>0.00</nsSAFT:CurrencyAmount>
					</nsSAFT:InvoiceLineAmount>
					<nsSAFT:DebitCreditIndicator>C</nsSAFT:DebitCreditIndicator>
					<nsSAFT:ShippingCostsAmount>
						<nsSAFT:Amount>0.00</nsSAFT:Amount>
						<nsSAFT:CurrencyCode>BGN</nsSAFT:CurrencyCode>
						<nsSAFT:CurrencyAmount>0.00</nsSAFT:CurrencyAmount>
					</nsSAFT:ShippingCostsAmount>
					<nsSAFT:TaxInformation>
						<nsSAFT:TaxType>100010</nsSAFT:TaxType>
						<nsSAFT:TaxCode>110010</nsSAFT:TaxCode>
						<nsSAFT:TaxAmount>
							<nsSAFT:Amount>219.00</nsSAFT:Amount>
							<nsSAFT:CurrencyCode>BGN</nsSAFT:CurrencyCode>
							<nsSAFT:CurrencyAmount>219.00</nsSAFT:CurrencyAmount>
						</nsSAFT:TaxAmount>
					</nsSAFT:TaxInformation>
				</nsSAFT:InvoiceLine>
				<nsSAFT:InvoiceSettlement>
					<nsSAFT:SettlementDiscount>0</nsSAFT:SettlementDiscount>
					<nsSAFT:SettlementAmount>
						<nsSAFT:Amount>2613.60</nsSAFT:Amount>
						<nsSAFT:CurrencyCode>BGN</nsSAFT:CurrencyCode>
						<nsSAFT:CurrencyAmount>2613.60</nsSAFT:CurrencyAmount>
					</nsSAFT:SettlementAmount>
					<nsSAFT:SettlementDate>2006-05-04</nsSAFT:SettlementDate>
					<nsSAFT:PaymentMechanism>42</nsSAFT:PaymentMechanism>
				</nsSAFT:InvoiceSettlement>
				<nsSAFT:InvoiceDocumentTotals>
					<nsSAFT:TaxInformationTotals>
						<nsSAFT:TaxType>100010</nsSAFT:TaxType>
						<nsSAFT:TaxCode>110010</nsSAFT:TaxCode>
						<nsSAFT:TaxAmount>
							<nsSAFT:Amount>435.60</nsSAFT:Amount>
							<nsSAFT:CurrencyCode>BGN</nsSAFT:CurrencyCode>
							<nsSAFT:CurrencyAmount>435.60</nsSAFT:CurrencyAmount>
						</nsSAFT:TaxAmount>
					</nsSAFT:TaxInformationTotals>
					<nsSAFT:ShippingCostsAmountTotal>0.00</nsSAFT:ShippingCostsAmountTotal>
					<nsSAFT:NetTotal>2178.00</nsSAFT:NetTotal>
					<nsSAFT:GrossTotal>2613.60</nsSAFT:GrossTotal>
				</nsSAFT:InvoiceDocumentTotals>
			</nsSAFT:Invoice>
		</nsSAFT:SalesInvoices>
		<nsSAFT:Payments>
			<nsSAFT:NumberOfEntries>2</nsSAFT:NumberOfEntries>
			<nsSAFT:TotalDebit>5640.00</nsSAFT:TotalDebit>
			<nsSAFT:TotalCredit>5640.00</nsSAFT:TotalCredit>
			<nsSAFT:Payment>
				<nsSAFT:PaymentRefNo>G04001</nsSAFT:PaymentRefNo>
				<nsSAFT:Period>1</nsSAFT:Period>
				<nsSAFT:PeriodYear>2022</nsSAFT:PeriodYear>
				<nsSAFT:TransactionID>300</nsSAFT:TransactionID>
				<nsSAFT:TransactionDate>2022-01-24</nsSAFT:TransactionDate>
				<nsSAFT:PaymentMethod>03</nsSAFT:PaymentMethod>
				<nsSAFT:Description>Плащане по банка</nsSAFT:Description>
				<nsSAFT:BatchID/>
				<nsSAFT:SystemID>G04001</nsSAFT:SystemID>
				<nsSAFT:SourceID>TestSoftware</nsSAFT:SourceID>
				<nsSAFT:PaymentLine>
					<nsSAFT:LineNumber>1</nsSAFT:LineNumber>
					<nsSAFT:SourceDocumentID>108029</nsSAFT:SourceDocumentID>
					<nsSAFT:AccountID>503</nsSAFT:AccountID>
					<nsSAFT:Analysis>
						<nsSAFT:AnalysisType>AnalysisT</nsSAFT:AnalysisType>
						<nsSAFT:AnalysisID>AnalysisID34</nsSAFT:AnalysisID>
					</nsSAFT:Analysis>
					<nsSAFT:CustomerID/>
					<nsSAFT:SupplierID>00295267495</nsSAFT:SupplierID>
					<nsSAFT:TaxPointDate>2022-01-24</nsSAFT:TaxPointDate>
					<nsSAFT:Description>Плащане по фактура</nsSAFT:Description>
					<nsSAFT:DebitCreditIndicator>C</nsSAFT:DebitCreditIndicator>
					<nsSAFT:PaymentLineAmount>
						<nsSAFT:Amount>2640.00</nsSAFT:Amount>
						<nsSAFT:CurrencyCode>BGN</nsSAFT:CurrencyCode>
						<nsSAFT:CurrencyAmount>2640.00</nsSAFT:CurrencyAmount>
					</nsSAFT:PaymentLineAmount>
					<nsSAFT:TaxInformation>
						<nsSAFT:TaxType/>
						<nsSAFT:TaxCode/>
						<nsSAFT:TaxAmount>
							<nsSAFT:Amount>0.00</nsSAFT:Amount>
							<nsSAFT:CurrencyCode>BGN</nsSAFT:CurrencyCode>
							<nsSAFT:CurrencyAmount>0.00</nsSAFT:CurrencyAmount>
						</nsSAFT:TaxAmount>
					</nsSAFT:TaxInformation>
				</nsSAFT:PaymentLine>
				<nsSAFT:PaymentSettlement>
					<nsSAFT:SettlementDiscount/>
					<nsSAFT:SettlementAmount>
						<nsSAFT:Amount>2640.00</nsSAFT:Amount>
						<nsSAFT:CurrencyCode>BGN</nsSAFT:CurrencyCode>
						<nsSAFT:CurrencyAmount>2640.00</nsSAFT:CurrencyAmount>
					</nsSAFT:SettlementAmount>
					<nsSAFT:SettlementDate>2022-01-24</nsSAFT:SettlementDate>
					<nsSAFT:PaymentMechanism>42</nsSAFT:PaymentMechanism>
				</nsSAFT:PaymentSettlement>
				<nsSAFT:PaymentDocumentTotals>
					<nsSAFT:TaxInformationTotals>
						<nsSAFT:TaxType/>
						<nsSAFT:TaxCode/>
						<nsSAFT:TaxAmount>
							<nsSAFT:Amount>0.00</nsSAFT:Amount>
							<nsSAFT:CurrencyCode>BGN</nsSAFT:CurrencyCode>
							<nsSAFT:CurrencyAmount>0.00</nsSAFT:CurrencyAmount>
						</nsSAFT:TaxAmount>
					</nsSAFT:TaxInformationTotals>
					<nsSAFT:NetTotal>2640.00</nsSAFT:NetTotal>
					<nsSAFT:GrossTotal>2640.00</nsSAFT:GrossTotal>
				</nsSAFT:PaymentDocumentTotals>
			</nsSAFT:Payment>
			<nsSAFT:Payment>
				<nsSAFT:PaymentRefNo>G04002</nsSAFT:PaymentRefNo>
				<nsSAFT:Period>1</nsSAFT:Period>
				<nsSAFT:PeriodYear>2022</nsSAFT:PeriodYear>
				<nsSAFT:TransactionID>301</nsSAFT:TransactionID>
				<nsSAFT:TransactionDate>2022-01-24</nsSAFT:TransactionDate>
				<nsSAFT:PaymentMethod>03</nsSAFT:PaymentMethod>
				<nsSAFT:Description>Плащане по банка</nsSAFT:Description>
				<nsSAFT:BatchID/>
				<nsSAFT:SystemID>G04002</nsSAFT:SystemID>
				<nsSAFT:SourceID>TestSoftware</nsSAFT:SourceID>
				<nsSAFT:PaymentLine>
					<nsSAFT:LineNumber>1</nsSAFT:LineNumber>
					<nsSAFT:SourceDocumentID>108030</nsSAFT:SourceDocumentID>
					<nsSAFT:AccountID>503</nsSAFT:AccountID>
					<nsSAFT:Analysis>
						<nsSAFT:AnalysisType>AnalysisT</nsSAFT:AnalysisType>
						<nsSAFT:AnalysisID>AnalysisID38</nsSAFT:AnalysisID>
					</nsSAFT:Analysis>
					<nsSAFT:CustomerID/>
					<nsSAFT:SupplierID>00295267495</nsSAFT:SupplierID>
					<nsSAFT:TaxPointDate>2022-01-24</nsSAFT:TaxPointDate>
					<nsSAFT:Description>Плащане по фактура</nsSAFT:Description>
					<nsSAFT:DebitCreditIndicator>C</nsSAFT:DebitCreditIndicator>
					<nsSAFT:PaymentLineAmount>
						<nsSAFT:Amount>3000.00</nsSAFT:Amount>
						<nsSAFT:CurrencyCode>BGN</nsSAFT:CurrencyCode>
						<nsSAFT:CurrencyAmount>3000.00</nsSAFT:CurrencyAmount>
					</nsSAFT:PaymentLineAmount>
					<nsSAFT:TaxInformation>
						<nsSAFT:TaxType/>
						<nsSAFT:TaxCode/>
						<nsSAFT:TaxAmount>
							<nsSAFT:Amount>0.00</nsSAFT:Amount>
							<nsSAFT:CurrencyCode>BGN</nsSAFT:CurrencyCode>
							<nsSAFT:CurrencyAmount>0.00</nsSAFT:CurrencyAmount>
						</nsSAFT:TaxAmount>
					</nsSAFT:TaxInformation>
				</nsSAFT:PaymentLine>
				<nsSAFT:PaymentSettlement>
					<nsSAFT:SettlementDiscount/>
					<nsSAFT:SettlementAmount>
						<nsSAFT:Amount>3000.00</nsSAFT:Amount>
						<nsSAFT:CurrencyCode>BGN</nsSAFT:CurrencyCode>
						<nsSAFT:CurrencyAmount>3000.00</nsSAFT:CurrencyAmount>
					</nsSAFT:SettlementAmount>
					<nsSAFT:SettlementDate>2006-05-04</nsSAFT:SettlementDate>
					<nsSAFT:PaymentMechanism>42</nsSAFT:PaymentMechanism>
				</nsSAFT:PaymentSettlement>
				<nsSAFT:PaymentDocumentTotals>
					<nsSAFT:TaxInformationTotals>
						<nsSAFT:TaxType/>
						<nsSAFT:TaxCode/>
						<nsSAFT:TaxAmount>
							<nsSAFT:Amount>0.00</nsSAFT:Amount>
							<nsSAFT:CurrencyCode>BGN</nsSAFT:CurrencyCode>
							<nsSAFT:CurrencyAmount>0.00</nsSAFT:CurrencyAmount>
						</nsSAFT:TaxAmount>
					</nsSAFT:TaxInformationTotals>
					<nsSAFT:NetTotal>3000.00</nsSAFT:NetTotal>
					<nsSAFT:GrossTotal>3000.00</nsSAFT:GrossTotal>
				</nsSAFT:PaymentDocumentTotals>
			</nsSAFT:Payment>
		</nsSAFT:Payments>
		<nsSAFT:PurchaseInvoices>
			<nsSAFT:NumberOfEntries>2</nsSAFT:NumberOfEntries>
			<nsSAFT:TotalDebit>5640.00</nsSAFT:TotalDebit>
			<nsSAFT:TotalCredit>5640.00</nsSAFT:TotalCredit>
			<nsSAFT:Invoice>
				<nsSAFT:InvoiceNo>3333</nsSAFT:InvoiceNo>
				<nsSAFT:SupplierInfo>
					<nsSAFT:SupplierID>00295267495</nsSAFT:SupplierID>
					<nsSAFT:Name>Name</nsSAFT:Name>
					<nsSAFT:BillingAddress>
						<nsSAFT:City/>
						<nsSAFT:Country>BG</nsSAFT:Country>
					</nsSAFT:BillingAddress>
				</nsSAFT:SupplierInfo>
				<nsSAFT:AccountID>401</nsSAFT:AccountID>
				<nsSAFT:BranchStoreNumber/>
				<nsSAFT:Period>1</nsSAFT:Period>
				<nsSAFT:PeriodYear>2022</nsSAFT:PeriodYear>
				<nsSAFT:InvoiceDate>2022-01-03</nsSAFT:InvoiceDate>
				<nsSAFT:InvoiceType>01</nsSAFT:InvoiceType>
				<nsSAFT:ShipTo>
					<nsSAFT:DeliveryID/>
					<nsSAFT:DeliveryDate>2022-01-03</nsSAFT:DeliveryDate>
					<nsSAFT:WarehouseID>СИН</nsSAFT:WarehouseID>
					<nsSAFT:LocationID/>
					<nsSAFT:UCR/>
					<nsSAFT:Address>
						<nsSAFT:City>София</nsSAFT:City>
						<nsSAFT:Country>BG</nsSAFT:Country>
					</nsSAFT:Address>
				</nsSAFT:ShipTo>
				<nsSAFT:ShipFrom>
					<nsSAFT:DeliveryID/>
					<nsSAFT:DeliveryDate>2022-01-03</nsSAFT:DeliveryDate>
					<nsSAFT:WarehouseID/>
					<nsSAFT:LocationID/>
					<nsSAFT:UCR/>
					<nsSAFT:Address>
						<nsSAFT:City/>
						<nsSAFT:Country>BG</nsSAFT:Country>
					</nsSAFT:Address>
				</nsSAFT:ShipFrom>
				<nsSAFT:PaymentTerms>15</nsSAFT:PaymentTerms>
				<nsSAFT:SelfBillingIndicator>Y</nsSAFT:SelfBillingIndicator>
				<nsSAFT:SourceID>108029</nsSAFT:SourceID>
				<nsSAFT:GLPostingDate>2022-01-03</nsSAFT:GLPostingDate>
				<nsSAFT:BatchID>0</nsSAFT:BatchID>
				<nsSAFT:SystemID>108029</nsSAFT:SystemID>
				<nsSAFT:TransactionID>182</nsSAFT:TransactionID>
				<nsSAFT:ReceiptNumbers/>
				<nsSAFT:InvoiceLine>
					<nsSAFT:LineNumber>1</nsSAFT:LineNumber>
					<nsSAFT:AccountID>60105</nsSAFT:AccountID>
					<nsSAFT:Analysis>
						<nsSAFT:AnalysisType>AnalysisT</nsSAFT:AnalysisType>
						<nsSAFT:AnalysisID>AnalysisID26</nsSAFT:AnalysisID>
					</nsSAFT:Analysis>
					<nsSAFT:OrderReferences> </nsSAFT:OrderReferences>
					<nsSAFT:ShipTo> </nsSAFT:ShipTo>
					<nsSAFT:ShipFrom> </nsSAFT:ShipFrom>
					<nsSAFT:GoodsServicesID>01</nsSAFT:GoodsServicesID>
					<nsSAFT:ProductCode>8916-W</nsSAFT:ProductCode>
					<nsSAFT:ProductDescription>Компютър - ТУРБО пакет</nsSAFT:ProductDescription>
					<nsSAFT:Delivery>
						<nsSAFT:DeliveryDate>2022-01-03</nsSAFT:DeliveryDate>
					</nsSAFT:Delivery>
					<nsSAFT:Quantity>10</nsSAFT:Quantity>
					<nsSAFT:InvoiceUOM>H87</nsSAFT:InvoiceUOM>
					<nsSAFT:UOMToUOMBaseConversionFactor>1</nsSAFT:UOMToUOMBaseConversionFactor>
					<nsSAFT:UnitPrice>220.00</nsSAFT:UnitPrice>
					<nsSAFT:TaxPointDate>2022-01-03</nsSAFT:TaxPointDate>
					<nsSAFT:References> </nsSAFT:References>
					<nsSAFT:Description>Покупка</nsSAFT:Description>
					<nsSAFT:InvoiceLineAmount>
						<nsSAFT:Amount>2200.00</nsSAFT:Amount>
						<nsSAFT:CurrencyCode>BGN</nsSAFT:CurrencyCode>
						<nsSAFT:CurrencyAmount>2200.00</nsSAFT:CurrencyAmount>
					</nsSAFT:InvoiceLineAmount>
					<nsSAFT:DebitCreditIndicator>D</nsSAFT:DebitCreditIndicator>
					<nsSAFT:ShippingCostsAmount>
						<nsSAFT:Amount>0.00</nsSAFT:Amount>
						<nsSAFT:CurrencyCode>BGN</nsSAFT:CurrencyCode>
						<nsSAFT:CurrencyAmount>0.00</nsSAFT:CurrencyAmount>
					</nsSAFT:ShippingCostsAmount>
					<nsSAFT:TaxInformation>
						<nsSAFT:TaxType>100010</nsSAFT:TaxType>
						<nsSAFT:TaxCode>110010</nsSAFT:TaxCode>
						<nsSAFT:TaxAmount>
							<nsSAFT:Amount>440.00</nsSAFT:Amount>
							<nsSAFT:CurrencyCode>BGN</nsSAFT:CurrencyCode>
							<nsSAFT:CurrencyAmount>440.00</nsSAFT:CurrencyAmount>
						</nsSAFT:TaxAmount>
					</nsSAFT:TaxInformation>
				</nsSAFT:InvoiceLine>
				<nsSAFT:InvoiceSettlement>
					<nsSAFT:SettlementDiscount/>
					<nsSAFT:SettlementAmount>
						<nsSAFT:Amount>2640.00</nsSAFT:Amount>
						<nsSAFT:CurrencyCode>BGN</nsSAFT:CurrencyCode>
						<nsSAFT:CurrencyAmount>2640.00</nsSAFT:CurrencyAmount>
					</nsSAFT:SettlementAmount>
					<nsSAFT:SettlementDate>2022-01-30</nsSAFT:SettlementDate>
					<nsSAFT:PaymentMechanism>42</nsSAFT:PaymentMechanism>
				</nsSAFT:InvoiceSettlement>
				<nsSAFT:InvoiceDocumentTotals>
					<nsSAFT:TaxInformationTotals>
						<nsSAFT:TaxType>100010</nsSAFT:TaxType>
						<nsSAFT:TaxCode>110010</nsSAFT:TaxCode>
						<nsSAFT:TaxAmount>
							<nsSAFT:Amount>440.00</nsSAFT:Amount>
							<nsSAFT:CurrencyCode>BGN</nsSAFT:CurrencyCode>
							<nsSAFT:CurrencyAmount>440.00</nsSAFT:CurrencyAmount>
						</nsSAFT:TaxAmount>
					</nsSAFT:TaxInformationTotals>
					<nsSAFT:ShippingCostsAmountTotal>0.00</nsSAFT:ShippingCostsAmountTotal>
					<nsSAFT:NetTotal>2200.00</nsSAFT:NetTotal>
					<nsSAFT:GrossTotal>2640.00</nsSAFT:GrossTotal>
				</nsSAFT:InvoiceDocumentTotals>
			</nsSAFT:Invoice>
			<nsSAFT:Invoice>
				<nsSAFT:InvoiceNo>3334</nsSAFT:InvoiceNo>
				<nsSAFT:SupplierInfo>
					<nsSAFT:SupplierID>00295267495</nsSAFT:SupplierID>
					<nsSAFT:Name>Name</nsSAFT:Name>
					<nsSAFT:BillingAddress>
						<nsSAFT:City/>
						<nsSAFT:Country>BG</nsSAFT:Country>
					</nsSAFT:BillingAddress>
				</nsSAFT:SupplierInfo>
				<nsSAFT:AccountID>401</nsSAFT:AccountID>
				<nsSAFT:BranchStoreNumber/>
				<nsSAFT:Period>1</nsSAFT:Period>
				<nsSAFT:PeriodYear>2022</nsSAFT:PeriodYear>
				<nsSAFT:InvoiceDate>2022-01-08</nsSAFT:InvoiceDate>
				<nsSAFT:InvoiceType>01</nsSAFT:InvoiceType>
				<nsSAFT:ShipTo>
					<nsSAFT:DeliveryID/>
					<nsSAFT:DeliveryDate>2022-01-08</nsSAFT:DeliveryDate>
					<nsSAFT:WarehouseID>СИН</nsSAFT:WarehouseID>
					<nsSAFT:LocationID/>
					<nsSAFT:UCR/>
					<nsSAFT:Address>
						<nsSAFT:City>София</nsSAFT:City>
						<nsSAFT:Country>BG</nsSAFT:Country>
					</nsSAFT:Address>
				</nsSAFT:ShipTo>
				<nsSAFT:ShipFrom>
					<nsSAFT:DeliveryID/>
					<nsSAFT:DeliveryDate>2022-01-08</nsSAFT:DeliveryDate>
					<nsSAFT:WarehouseID/>
					<nsSAFT:LocationID/>
					<nsSAFT:UCR/>
					<nsSAFT:Address>
						<nsSAFT:City/>
						<nsSAFT:Country>BG</nsSAFT:Country>
					</nsSAFT:Address>
				</nsSAFT:ShipFrom>
				<nsSAFT:PaymentTerms>15</nsSAFT:PaymentTerms>
				<nsSAFT:SelfBillingIndicator>Y</nsSAFT:SelfBillingIndicator>
				<nsSAFT:SourceID>108030</nsSAFT:SourceID>
				<nsSAFT:GLPostingDate>2022-01-08</nsSAFT:GLPostingDate>
				<nsSAFT:BatchID>0</nsSAFT:BatchID>
				<nsSAFT:SystemID>108030</nsSAFT:SystemID>
				<nsSAFT:TransactionID>183</nsSAFT:TransactionID>
				<nsSAFT:ReceiptNumbers/>
				<nsSAFT:InvoiceLine>
					<nsSAFT:LineNumber>1</nsSAFT:LineNumber>
					<nsSAFT:AccountID>60105</nsSAFT:AccountID>
					<nsSAFT:Analysis>
						<nsSAFT:AnalysisType>AnalysisT</nsSAFT:AnalysisType>
						<nsSAFT:AnalysisID>AnalysisID30</nsSAFT:AnalysisID>
					</nsSAFT:Analysis>
					<nsSAFT:OrderReferences> </nsSAFT:OrderReferences>
					<nsSAFT:OrderReferences> </nsSAFT:OrderReferences>
					<nsSAFT:ShipTo> </nsSAFT:ShipTo>
					<nsSAFT:ShipFrom> </nsSAFT:ShipFrom>
					<nsSAFT:GoodsServicesID>01</nsSAFT:GoodsServicesID>
					<nsSAFT:ProductCode>8924-W</nsSAFT:ProductCode>
					<nsSAFT:ProductDescription>Сървър - корпоративен пакет</nsSAFT:ProductDescription>
					<nsSAFT:Delivery>
						<nsSAFT:DeliveryPeriod>
							<nsSAFT:FromDate>2022-01-08</nsSAFT:FromDate>
							<nsSAFT:ToDate>2022-01-31</nsSAFT:ToDate>
						</nsSAFT:DeliveryPeriod>
					</nsSAFT:Delivery>
					<nsSAFT:Quantity>10</nsSAFT:Quantity>
					<nsSAFT:InvoiceUOM>H87</nsSAFT:InvoiceUOM>
					<nsSAFT:UOMToUOMBaseConversionFactor>1</nsSAFT:UOMToUOMBaseConversionFactor>
					<nsSAFT:UnitPrice>250.00</nsSAFT:UnitPrice>
					<nsSAFT:TaxPointDate>2022-01-08</nsSAFT:TaxPointDate>
					<nsSAFT:References> </nsSAFT:References>
					<nsSAFT:Description>Покупка</nsSAFT:Description>
					<nsSAFT:InvoiceLineAmount>
						<nsSAFT:Amount>2500.00</nsSAFT:Amount>
						<nsSAFT:CurrencyCode>BGN</nsSAFT:CurrencyCode>
						<nsSAFT:CurrencyAmount>2500.00</nsSAFT:CurrencyAmount>
					</nsSAFT:InvoiceLineAmount>
					<nsSAFT:DebitCreditIndicator>D</nsSAFT:DebitCreditIndicator>
					<nsSAFT:ShippingCostsAmount>
						<nsSAFT:Amount>0.00</nsSAFT:Amount>
						<nsSAFT:CurrencyCode>BGN</nsSAFT:CurrencyCode>
						<nsSAFT:CurrencyAmount>0.00</nsSAFT:CurrencyAmount>
					</nsSAFT:ShippingCostsAmount>
					<nsSAFT:TaxInformation>
						<nsSAFT:TaxType>100010</nsSAFT:TaxType>
						<nsSAFT:TaxCode>110010</nsSAFT:TaxCode>
						<nsSAFT:TaxAmount>
							<nsSAFT:Amount>500.00</nsSAFT:Amount>
							<nsSAFT:CurrencyCode>BGN</nsSAFT:CurrencyCode>
							<nsSAFT:CurrencyAmount>500.00</nsSAFT:CurrencyAmount>
						</nsSAFT:TaxAmount>
					</nsSAFT:TaxInformation>
				</nsSAFT:InvoiceLine>
				<nsSAFT:InvoiceSettlement>
					<nsSAFT:SettlementDiscount/>
					<nsSAFT:SettlementAmount>
						<nsSAFT:Amount>3000.00</nsSAFT:Amount>
						<nsSAFT:CurrencyCode>BGN</nsSAFT:CurrencyCode>
						<nsSAFT:CurrencyAmount>3000.00</nsSAFT:CurrencyAmount>
					</nsSAFT:SettlementAmount>
					<nsSAFT:SettlementDate>2022-01-30</nsSAFT:SettlementDate>
					<nsSAFT:PaymentMechanism>42</nsSAFT:PaymentMechanism>
				</nsSAFT:InvoiceSettlement>
				<nsSAFT:InvoiceDocumentTotals>
					<nsSAFT:TaxInformationTotals>
						<nsSAFT:TaxType>100010</nsSAFT:TaxType>
						<nsSAFT:TaxCode>110010</nsSAFT:TaxCode>
						<nsSAFT:TaxAmount>
							<nsSAFT:Amount>500.00</nsSAFT:Amount>
							<nsSAFT:CurrencyCode>BGN</nsSAFT:CurrencyCode>
							<nsSAFT:CurrencyAmount>500.00</nsSAFT:CurrencyAmount>
						</nsSAFT:TaxAmount>
					</nsSAFT:TaxInformationTotals>
					<nsSAFT:ShippingCostsAmountTotal>0.00</nsSAFT:ShippingCostsAmountTotal>
					<nsSAFT:NetTotal>2500.00</nsSAFT:NetTotal>
					<nsSAFT:GrossTotal>3000.00</nsSAFT:GrossTotal>
				</nsSAFT:InvoiceDocumentTotals>
			</nsSAFT:Invoice>
		</nsSAFT:PurchaseInvoices>
	</nsSAFT:SourceDocumentsMonthly>
</nsSAFT:AuditFile>
